3402 5292
867 449 1044 512 -ttt-

364 571 460 652 libus
489 573 711 668 confirmata,
742 575 861 654 soluta
892 575 1041 652 omuino
1070 571 1226 652 luerunt⁸
1258 572 1309 652 td
1331 572 1401 650 alia
1422 571 1542 676 itaque

365 711 449 776 vota
487 722 525 774 se
562 711 773 776 coruvertens
811 681 947 791 CaiuS,
988 698 1109 776 oculos
1148 697 1270 776 iniecit
1311 695 1347 774 in
1388 696 1544 802 puellam

362 819 543 926 quandam
560 821 771 926 episcopalis
788 823 946 900 civitatis
963 825 992 900 N
999 881 1026 915 .,
1045 822 1179 900 scilicet
1195 821 1455 898 luliam.Facta
1476 821 1543 898 ita-

369 972 439 1050 que
455 972 475 1022 a
492 945 575 1022 Caio
591 943 728 1024 lormali
745 948 920 1050 petitione
936 946 1029 1051 patri
1050 946 1204 1051 puellae,
1216 959 1257 1023 ut
1272 945 1303 1023 ei
1316 944 1423 1022 rottei
1437 944 1545 1021 liliam

366 1095 468 1149 suam
496 1069 534 1146 in
564 1093 708 1146 uxorem
737 1070 850 1164 dare,
882 1070 942 1148 bic
969 1069 1137 1175 precibus
1166 1068 1320 1148 libenter
1347 1093 1539 1161 annuens,

365 1195 459 1274 intra
489 1197 668 1274 trimestre
699 1197 869 1299 spatium,
901 1209 1083 1274 aunuente
1117 1209 1154 1274 et
1190 1209 1349 1299 nuptura
1391 1194 1537 1299 puella,

366 1319 630 1398 matrimonium
660 1341 780 1398 mense
808 1319 972 1397 ianuario
990 1319 1075 1396 anui
1099 1327 1199 1396 tect
1219 1317 1400 1396 celebrare
1419 1317 1540 1422 sponsi

365 1471 559 1550 eorumque
588 1459 756 1549 parentes
785 1458 910 1524 mutuo
938 1445 1183 1549 paciscuntur.
1211 1447 1334 1548 Neque
1362 1469 1383 1520 a
1412 1467 1541 1547 propo·

365 1570 435 1648 sito
472 1592 651 1646 removere
689 1568 882 1646 valuerunt
919 1568 1033 1646 bonae
1070 1566 1153 1646 lidei
1191 1580 1359 1671 parentes
1399 1566 1540 1670 puellae

366 1694 487 1800 plures
515 1692 686 1798 epistolae
715 1716 912 1797 anonymae
941 1691 1066 1770 iisdem
1087 1691 1230 1784 missae,
1248 1689 1381 1795 quibus
1400 1689 1541 1768 concla-

365 1817 532 1896 mabatur
561 1816 698 1894 notoria
728 1816 800 1894 Caii
817 1816 1041 1919 impotentia,
1065 1840 1109 1892 ne
1128 1814 1374 1892 eorum-liliam
1390 1815 1426 1890 in
1442 1839 1540 1890 sum-

366 1969 460 2022 muru
490 1939 709 2020 infelicitatis
736 1939 966 2018 coniicereut.
1000 1943 1131 2030 Bonae,
1163 1941 1332 2041 inquam,
1365 1937 1444 2016 [idei
1476 1964 1539 2042 pa-

366 2079 501 2158 reuteS,
534 2089 578 2143 ne
607 2063 952 2168 imprudentissimos
971 2062 1100 2142 dicam.
1124 2063 1218 2140 Satis
1237 2063 1332 2140 euim
1358 2085 1537 2166 superque

365 2189 434 2268 sibi
462 2189 627 2292 filiaeque
655 2188 857 2266 consultum
887 2187 996 2266 luisse
1024 2179 1230 2280 dulerunt,
1262 2188 1292 2266 si
1321 2185 1465 2264 easdem
1495 2186 1538 2264 li-

364 2323 461 2390 teras
488 2311 657 2414 legendas
688 2310 870 2390 traderent
898 2313 995 2406 Caio,
1026 2311 1080 2388 uti
1102 2336 1225 2414 reapse
1245 2325 1413 2412 egerunt,
1432 2311 1536 2414 eique

366 2433 636 2537 indignabundo
663 2433 805 2512 easdem
835 2435 959 2512 literas
988 2434 1098 2512 veluti
1123 2437 1245 2539 iniqua
1268 2434 1460 2538 invidaque
1480 2459 1538 2512 ca-

365 2557 500 2636 lumnia
528 2557 574 2635 ab
602 2558 677 2635 suis
704 2557 856 2638 inimicis
875 2558 1095 2663 conscriptas
1113 2559 1290 2638 reiicienti
1311 2557 1414 2636 lidum
1434 2557 1538 2636 adbi-

367 2680 507 2760 herent.

446 2815 483 2884 3.
515 2807 578 2884 Die
606 2807 729 2910 itaque
760 2815 804 2909 321
839 2807 994 2886 ianuarii
1032 2834 1093 2884 an.
1134 2815 1232 2886 leot
1267 2810 1386 2901 CaiuS,
1409 2808 1538 2886 aetatis

365 2955 451 3008 suae
481 2955 614 3008 anuum
644 2957 753 3038 agens
782 2931 989 3010 vicesimum
1006 2931 1218 3026 secundum,
1236 2944 1272 3010 et
1291 2933 1382 3010 lulia
1403 2931 1539 3009 duode-

368 3055 494 3158 uiginti
523 3080 636 3134 annos
664 3069 763 3151 nata,
796 3053 840 3132 ad
861 3081 1020 3134 normam
1040 3069 1287 3136 sacrosanctae
1321 3055 1538 3134 tridentinae

372 3176 519 3283 Synodi,
552 3178 815 3257 matrimonium
844 3179 1071 3258 celebrarunt
1099 3205 1216 3258 coram
1244 3179 1399 3284 parocho
1421 3180 1537 3257 Eccle-

367 3303 442 3379 siae
470 3327 501 3380 s.
521 3303 710 3403 Augustini
739 3302 809 3406 (Eu
838 3313 996 3380 actorum
1026 3303 1126 3408 copia
1154 3283 1228 3382 loll.
1255 3307 1414 3401 re-rs).
1437 3303 1537 3382 -Sic

366 3421 456 3501 inito
484 3425 705 3502 matrimonio
742 3425 779 3502 in
816 3423 941 3504 laciem
979 3427 1189 3521 Ecclesiae,
1229 3425 1316 3532 quid
1354 3440 1536 3531 peractum

368 3547 491 3642 luerit,
522 3548 654 3654 quidve
683 3549 777 3628 inter
805 3550 901 3654 ipsos
928 3565 1065 3630 secreto
1085 3565 1122 3630 et
1142 3551 1257 3656 palam
1286 3549 1461 3638 evenerit,
1481 3575 1538 3628 ac·

366 3674 526 3754 curatius
554 3687 591 3752 et
618 3673 759 3778 plenius
786 3700 830 3752 ex
859 3687 960 3754 tanta
988 3675 1196 3780 specialium
1230 3675 1275 3753 ad
1313 3689 1538 3779 praesentem

365 3822 509 3876 causam
524 3797 870 3875 circumstantiarum
883 3798 1054 3877 varietate
1071 3799 1229 3876 enarrari
1241 3797 1420 3902 nequiret,
1431 3822 1538 3902 quam

364 3921 552 4026 ipsissimis
568 3918 685 4000 verbis
707 3921 832 4000 luliae.
854 3922 971 4026 lpsius
986 3922 1079 4000 enim
1096 3921 1460 4027 iudicialisdepositio
1475 3948 1538 4000 seu

369 4047 543 4128 coulessio
559 4047 687 4126 diebus
702 4055 751 4126 86
772 4062 808 4126 et
827 4056 875 4126 et
897 4047 1017 4126 martii
1032 4061 1069 4126 et
1089 4057 1111 4126 2
1130 4047 1254 4152 aprilis
1273 4073 1334 4126 an.
1362 4055 1541 4152 recepe

364 4172 677 4266 racta,iuramenti
695 4173 865 4274 religione
880 4197 952 4249 uon
967 4173 1075 4250 semel
1092 4171 1245 4266 firmata,
1263 4187 1300 4252 et
1315 4172 1372 4250 die
1391 4181 1437 4250 13
1456 4170 1539 4250 maii

366 4295 523 4374 eiusdem
553 4295 637 4374 anni
668 4295 841 4374 iniurato
862 4294 1116 4374 ratihabitione
1148 4295 1356 4374 confirmata
1396 4296 1426 4372 si
1458 4317 1538 4373 cum

367 4420 513 4500 testium
541 4433 649 4525 atque
678 4421 890 4498 contestium
918 4417 1045 4497 iuratis
1074 4417 1359 4524 depositionibus
1377 4417 1539 4498 conlera·
