3424 5300
867 377 1037 440 -140-

483 507 641 596 Crtrocoo
669 527 729 580 ant
760 511 859 612 Ι1851
894 501 967 605 (1).

480 631 523 704 In
552 625 668 704 insula
696 625 939 704 sanctissimae
971 627 1157 705 Trinitatis
1185 651 1246 704 en.
1281 633 1395 704 1825.

480 754 523 827 In
550 763 702 854 utraque
722 747 963 828 Ladonisioao
982 763 1089 856 atque
1110 751 1146 828 in
1165 747 1311 827 Florida
1335 773 1395 826 an.
1418 754 1530 825 1831.

457 881 518 951 15.
551 879 595 950 At
623 897 799 977 quaenam
820 871 965 952 luerunt
979 885 1014 950 et
1034 885 1118 952 sunt
1137 874 1307 966 rationes,
1330 894 1481 976 quarum
1501 869 1534 947 vi

373 995 603 1074 Benedictina
632 995 763 1101 prodiit
782 995 985 1075 Declarotio
1004 1021 1067 1102 pro
1087 997 1173 1076 locis
1192 995 1450 1076 foederatorum
1470 997 1535 1072 Or-

374 1119 497 1198 dinum
525 1120 680 1199 dominio
709 1121 746 1200 in
774 1122 895 1224 Belgio
922 1121 1108 1216 subiectis,
1130 1135 1166 1200 et
1184 1120 1230 1200 ad
1258 1121 1347 1200 alias
1366 1119 1450 1198 dein
1468 1117 1535 1196 init

374 1257 520 1322 extensa
549 1245 731 1348 regiones?
751 1289 775 1304 -
795 1250 891 1324 Haec
917 1245 1102 1350 inquisitio
1130 1271 1209 1323 cum
1228 1244 1288 1322 illa
1307 1244 1463 1322 nectitur
1477 1267 1535 1320 sa-

374 1367 514 1446 lebrosa
541 1381 577 1446 et
605 1368 757 1472 implexa
786 1371 993 1472 quaestione
1022 1367 1186 1464 inridier,
1217 1393 1309 1473 quae
1333 1379 1536 1446 controver-

372 1494 460 1571 titur
489 1493 581 1570 inter
604 1496 787 1588 Doctores
801 1499 889 1572 -An
903 1494 1037 1574 scilicet
1052 1494 1208 1574 invalida
1223 1505 1436 1572 censeantur
1456 1492 1532 1568 sive

374 1615 628 1694 haereticoram
647 1617 742 1695 iator
761 1641 812 1703 se,
828 1617 902 1695 sive
931 1617 1048 1696 misto
1068 1617 1232 1719 coniugia
1252 1617 1296 1694 iis
1315 1617 1403 1694 inita
1427 1615 1464 1692 in
1484 1612 1537 1689 lo·

374 1743 438 1836 cis,
461 1741 498 1820 in
526 1741 659 1848 quibus
679 1741 915 1822 tridentinam
947 1744 1127 1823 decretum
1161 1742 1268 1821 luerit
1294 1741 1528 1846 publicatum.

452 1869 594 1944 Certum
622 1880 815 1970 pareest,
837 1867 1049 1960 haereticos,
1082 1881 1206 1972 utpote
1222 1866 1399 1946 Ecclesiae
1428 1863 1530 1958 lilios,

373 2015 588 2096 quamquam
618 1990 768 2070 rebelles
783 2004 826 2078 et,
838 1989 1055 2094 transfugas,
1087 1991 1245 2070 eiusdem
1279 1989 1456 2068 Ecclesiae
1484 1989 1536 2066 le-

375 2109 479 2213 gibus
506 2109 649 2205 subiioi‚
681 2124 722 2188 ut
749 2110 954 2190 solemniter
969 2109 1089 2190 docuit
1108 2114 1276 2190 Piustlll
1297 2110 1369 2215 (2).
1388 2154 1412 2168 -
1433 2109 1535 2189 Prin-

373 2234 505 2338 cipium
533 2247 654 2312 autem
674 2235 837 2336 generale
857 2248 925 2328 est,
948 2236 1207 2340 exemptionem
1223 2262 1244 2314 a
1263 2235 1339 2313 iure
1359 2233 1535 2312 communi

373 2385 451 2438 esse
470 2359 630 2447 localem,
651 2385 723 2438 non
738 2359 972 2464 personalem.
996 2361 1086 2439 Hinc
1104 2361 1231 2465 quavis
1250 2361 1402 2465 quilibet
1417 2385 1537 2439 exem-

374 2483 503 2587 ptione
524 2482 609 2561 alibi
639 2483 832 2585 gaudeant,
864 2498 982 2562 tamen
1011 2475 1204 2586 generatim
1223 2485 1260 2562 in
1284 2483 1431 2562 materia
1451 2507 1536 2562 con-

373 2618 550 2683 tractuum
580 2605 687 2711 (quos
715 2608 808 2684 inter
837 2621 1045 2684 accensetur
1078 2607 1341 2686 matrimonium
1371 2604 1536 2711 quamvis

374 2729 419 2807 ad
447 2731 659 2808 sacramenti
688 2728 898 2832 dignitatem
926 2730 1104 2836 evectum)
1132 2731 1249 2836 quoad
1269 2755 1389 2809 eorum
1408 2731 1537 2808 solem-

259 2881 263 2892 ·
373 2853 522 2932 nitatem
550 2865 719 2932 tenentur
746 2878 867 2932 omues
881 2855 1091 2934 contrahere
1119 2853 1220 2933 iuxta
1247 2853 1359 2957 legem
1387 2866 1423 2931 et
1451 2878 1536 2932 con-

373 2974 598 3054 suetudinem
612 2975 694 3070 loci,
711 2977 748 3054 in
763 3001 833 3080 quo
849 2979 1079 3072 contrahunt,
1097 3003 1207 3082 quum
1219 2978 1323 3056 etiam
1340 2975 1532 3082 peregrini,

375 3098 406 3176 si
434 3097 527 3177 dotis
555 3112 776 3178 contractum
808 3101 978 3206 excipias
1014 3103 1211 3180 sortiantur
1250 3101 1361 3180 iorum
1395 3101 1432 3178 in
1458 3099 1535 3178 loco

377 3231 582 3300 contractus
611 3221 688 3326 (3);
712 3221 762 3299 ita
781 3237 823 3301 ut
841 3225 870 3302 si
890 3225 993 3304 aliter
1012 3225 1061 3302 ibi
1081 3225 1309 3319 contrahant,
1331 3237 1536 3334 contractus

373 3369 444 3422 non
486 3343 683 3442 subsistat,
729 3372 808 3426 cum
846 3348 1094 3429 substantialis
1136 3349 1276 3428 deliciet
1316 3347 1537 3454 praescripta

373 3469 485 3548 torma
514 3469 530 3575 (
558 3473 587 3574 ).

442 3659 478 3734 tl)
496 3661 657 3720 Notandum
677 3676 742 3720 cum
762 3663 860 3724 eodem
879 3665 1032 3722 Battertnio
1052 3665 1160 3737 (totila,
1174 3665 1470 3732 daemoniacarum
1484 3675 1538 3734 pro

370 3753 507 3823 raptato,
537 3751 659 3808 atterum
680 3765 730 3822 pro
750 3754 890 3827 Caraooo,
920 3768 987 3812 cum
1013 3754 1107 3812 solum
1125 3756 1160 3812 ad
1180 3755 1394 3812 catholicorum
1414 3755 1487 3810 inter
1505 3768 1539 3812 se

370 3840 552 3896 matrimonia
565 3839 735 3908 referantur,
747 3841 831 3910 nihil,
844 3849 876 3898 ut
888 3849 972 3913 natet,
985 3857 1139 3900 commune
1152 3843 1256 3901 habere
1269 3858 1335 3900 cum
1353 3841 1538 3899 Benedicttna

369 3925 572 3996 Declarntione,
593 3942 666 3998 quae
686 3929 899 3988 haereticoram
918 3937 1029 3988 tentum
1051 3933 1094 3988 vet
1115 3933 1210 3990 miato
1230 3933 1345 4008 requicit
1361 3931 1506 4002 coniugia.

442 4015 480 4086 (Ξ)
502 4017 567 4074 Ltu.
587 4019 651 4074 Etsi
676 4018 879 4090 fraternitatis
908 4020 942 4076 ad
966 4021 1101 4092 archiep.
1131 4022 1328 4093 moguntinum
1357 4020 1431 4077 datis
1454 4019 1540 4076 die8

372 4104 460 4162 oaoo.
483 4108 553 4163 4805
571 4121 644 4177 quas
663 4106 750 4164 hahes
771 4108 816 4164 hic
836 4109 866 4164 in
884 4110 1041 4180 appendice
1071 4117 1098 4166 a.

443 4191 483 4264 (3)
503 4195 572 4265 Cap.
595 4194 647 4252 ult.
668 4195 701 4252 da
719 4197 782 4268 foro
800 4205 917 4268 compet.
939 4205 966 4254 et
984 4198 1039 4270 teg.
1057 4199 1085 4256 si
1103 4199 1232 4272 [andam
1252 4199 1280 4256 a.
1301 4200 1486 4257 diasirtica.

447 4278 484 4352 (4)
505 4283 629 4340 Sanchea
651 4283 704 4340 lilr.
723 4291 750 4342 5.
772 4285 878 4357 otmar.
901 4293 942 4354 ra,
965 4303 1018 4344 aa.
1039 4293 1136 4344 tlt-tl.
1152 4289 1301 4359 —Plrhing
1321 4288 1373 4348 lib.
1394 4295 1418 4346 l.
1439 4289 1486 4346 tit.
1506 4296 1540 4346 5.

372 4379 404 4419 a.
426 4369 475 4429 lor
490 4397 509 4406 —
522 4367 777 4440 Schmatzgrueber
795 4371 830 4426 ad
850 4372 936 4428 eund.
959 4374 1006 4430 tlt.
1026 4371 1055 4444 S.
1076 4379 1102 4431 2.
1122 4390 1153 4431 a.
1175 4380 1235 4433 lot.
1257 4389 1323 4432 cum
1342 4375 1501 4434 communi.

1658 3616 1661 3624 .

1696 3989 1697 4008 t

1696 4585 1697 4594 t

1696 4663 1697 4678 t

1696 4769 1697 4786 t
