3424 5300
657 499 834 561 -163-

164 625 250 732 quid
278 627 355 732 ipsa
384 625 571 704 constituit
598 625 655 704 vel
684 623 865 732 probavit,
903 621 1043 702 auferre
1063 637 1265 729 potestant
1288 647 1346 703 re-

163 751 328 845 lormare,
359 775 431 828 non
459 775 543 829 vero
570 749 666 854 quod
686 777 707 827 a
727 753 802 828 Deo
821 761 873 826 rta
902 761 1079 828 statutum
1107 773 1149 826 ac
1168 749 1345 828 sancitum

164 886 232 969 est,
251 887 292 952 ut
311 871 462 952 liberam
480 874 520 952 in
539 897 581 952 eo
601 897 674 950 non
694 871 837 950 dederit
853 870 967 950 eidem
982 872 1162 951 Ecclesiae
1182 871 1346 951 variandi

166 997 374 1076 facultatem
404 995 479 1102 (1).
511 1000 598 1074 Cum
626 1009 747 1075 autem
780 995 987 1076 dirimentia
1006 995 1237 1076 ecclesiastici
1257 998 1346 1078 iuris

166 1121 419 1227 impedimenta
452 1119 498 1200 ab
531 1121 727 1200 universali
763 1121 842 1224 lege
878 1120 1029 1200 inducta
1067 1122 1153 1218 sint,
1190 1147 1344 1227 cumque

166 1248 370 1326 nniversam
398 1246 593 1325 Ecclesiam
625 1259 878 1352 repraesentet
906 1249 1091 1326 Romanus
1119 1246 1282 1326 Pontifex
1310 1261 1346 1326 et

168 1370 332 1474 generale
361 1370 569 1465 Concilium,
601 1369 686 1448 hinc
714 1395 786 1449 non
805 1370 843 1448 in
877 1369 1032 1473 singulis
1060 1373 1259 1476 Episcopis,
1282 1370 1346 1449 sed

168 1495 205 1574 in
233 1519 306 1573 uno
334 1497 495 1572 Romano
523 1493 694 1573 Pontiliee
714 1494 771 1574 vel
786 1495 1014 1576 oecumenica
1043 1496 1185 1603 Synodo
1213 1495 1347 1576 residet

168 1632 327 1725 potestas
360 1618 565 1698 dirimentia
592 1619 826 1698 ecclesiastici
855 1620 945 1700 iuris
972 1621 1226 1728 impedimenta
1255 1645 1346 1699 nova

168 1743 366 1840 statuendi,
385 1757 422 1824 et
435 1745 506 1822 iam
524 1743 686 1823 extantia
705 1743 924 1848 abrogandi,
948 1744 1177 1842 reformandi,
1200 1745 1347 1851 dispen-

169 1870 272 1949 sandi
302 1867 376 1975 (E).
399 1913 423 1928 -
443 1873 560 1957 Quare
588 1868 676 1947 baec
703 1868 880 1973 principia
903 1869 1097 1949 statuenda
1126 1885 1230 1949 sunt:

249 2002 286 2072 2.
320 1991 464 2070 Primo:
496 2023 515 2066 ‹
539 2017 699 2070 summus
727 1991 890 2071 Pontiler
919 1992 1133 2099 dispensare
1152 2007 1273 2100 potest
1301 1991 1346 2071 ab

170 2117 335 2196 omnibns
367 2116 632 2222 impedimentis
664 2117 739 2195 solo
773 2117 850 2194 iure
887 2117 1127 2197 ecclesiastico
1159 2119 1344 2196 matrimo-

170 2243 269 2318 nium
298 2239 568 2336 dirimentibus;
600 2253 636 2319 et
664 2237 810 2344 quidem
838 2237 957 2319 aalide
986 2241 1138 2320 inomni
1167 2237 1349 2336 casu31i-

173 2362 238 2441 rite
266 2365 296 2442 si
325 2363 420 2442 insta
448 2363 493 2442 de
522 2388 630 2441 causa
659 2362 857 2470 dispenset,
880 2377 987 2468 prout
1006 2378 1103 2443 recta
1128 2363 1348 2467 gubernatio

172 2485 380 2591 requirit».
404 2486 554 2564 -Ratio
580 2499 695 2591 patet,
727 2486 813 2592 qnia
841 2511 883 2565 ea
912 2487 1167 2592 impedimenta
1195 2485 1343 2564 inducta

172 2623 258 2688 sunt
289 2610 466 2688 communi
496 2608 587 2704 iure,
619 2610 657 2687 in
690 2634 762 2714 quo
795 2635 955 2689 summus
992 2625 1132 2692 tantum
1166 2611 1344 2690 Ecclesiae

173 2735 354 2840 Superior,
373 2757 538 2838 suprema
555 2745 735 2838 potestate
750 2733 885 2836 ligandi
901 2749 1012 2840 atque
1033 2735 1193 2815 solvendi
1213 2762 1232 2812 a
1249 2735 1351 2814 Chri·

172 2874 227 2939 sto
254 2859 456 2964 praeditus,
488 2857 698 2962 dispensare
726 2871 859 2962 potest.

253 2982 431 3062 &condet
464 3011 482 3055 «
505 2981 703 3085 Episcopus
723 2979 936 3085 dispensare
957 2980 1084 3084 nequit
1116 2981 1299 3060 ordinarie
1318 2994 1350 3059 et

174 3107 214 3186 de
242 3109 322 3186 iore
345 3103 493 3212 proprio
512 3105 550 3182 in
569 3103 834 3209 impedimentis
854 3102 1106 3182 dirimentibus
1129 3135 1148 3180 a
1171 3105 1244 3210 (3).
1269 3109 1344 3182 Ra-

177 3235 227 3312 tio
246 3247 300 3312 est
316 3234 402 3338 qnia
421 3231 595 3311 eiusmodi
610 3229 866 3336 impedimenta
887 3231 1062 3307 communi
1078 3231 1156 3308 inre
1170 3231 1354 3309 matrimo-

175 3478 458 3552 utplanumlaciat,
479 3476 637 3548 inquibus
663 3473 876 3547 impedimentis
901 3473 1028 3531 Ecclesia
1058 3473 1228 3546 dispensare
1255 3483 1351 3546 queat,

176 3569 301 3627 breviter
320 3583 352 3626 ae
371 3565 497 3624 dilucide
516 3565 645 3637 quinque
663 3565 793 3620 numeris
814 3562 975 3634 distinguit,
996 3577 1071 3634 quae
1090 3563 1162 3621 iuris
1181 3565 1275 3624 divini
1294 3572 1344 3623 aut

176 3656 316 3714 naturalis
330 3655 398 3725 sint,
412 3663 439 3712 et
451 3669 524 3725 quae
538 3652 610 3710 iuris
624 3652 764 3709 canonici.
776 3651 848 3708 Vide
858 3651 951 3708 dictae
968 3651 1076 3723 synodi
1087 3657 1172 3724 part.
1186 3659 1213 3711 2.
1226 3668 1289 3723 cop.
1303 3657 1346 3708 ll.

176 3743 204 3814 S.
228 3747 270 3799 ll.
288 3757 382 3814 pcqq.
401 3743 490 3801 82-85
509 3740 578 3797 edit.
600 3743 706 3797 Romae
729 3743 806 3797 tcto.

246 3831 282 3902 (1)
304 3833 410 3888 Verum
430 3843 487 3901 quo
506 3828 542 3885 ad
561 3827 817 3902 dispensationem,
838 3841 890 3884 seu
922 3833 1091 3898 potestatem
1115 3832 1208 3902 Papae
1233 3829 1351 3886 tollendi

178 3918 379 3990 obligationem
399 3917 473 3974 iuris
493 3916 585 3976 divini
604 3922 631 3973 et
649 3916 798 3974 naturalis
812 3916 844 3972 in
858 3915 1039 3988 casualiquo
1051 3917 1173 3989 speciali
1186 3915 1352 3988 eeurqentt

178 4021 278 4074 conso,
300 4010 412 4078 praeter
431 4019 464 4061 ea
486 4019 560 4076 qnae
580 4004 780 4077 superioribus
799 4004 943 4076 capitibus
963 4007 1071 4076 passim
1091 4007 1164 4064 dicta
1191 4013 1266 4073 sunt,
1282 4005 1349 4064 vide

181 4093 305 4150 Sancbez
326 4091 378 4148 lib.
399 4099 425 4148 8.
447 4091 523 4164 disp.
544 4097 571 4147 6.
592 4107 607 4148 a
627 4107 658 4149 at.
681 4097 708 4150 t.
729 4091 765 4149 ad
789 4097 831 4147 lt.

248 4180 285 4253 (ἢ)
306 4181 353 4237 Clr
371 4181 512 4238 Benediot.
533 4183 594 4237 xlv
627 4181 661 4238 de
678 4181 796 4254 Sqoodo
815 4181 867 4238 lib.
888 4188 915 4237 9.
936 4197 999 4254 cop.
1021 4189 1047 4236 2.
1068 4199 1121 4241 aaa.
1145 4189 1206 4238 4-5.
1219 4184 1349 4242 -Devoti

183 4273 254 4328 lost.
275 4267 411 4325 Cononis.
436 4268 487 4326 le'b.
507 4274 533 4323 2.
556 4270 602 4328 tit.
623 4277 650 4326 2.
670 4277 736 4328 sect.
757 4275 785 4324 9.
804 4287 835 4326 o.
859 4275 918 4325 llo.
938 4277 998 4328 cot.
1023 4277 1047 4326 l.
1064 4303 1082 4311 -
1095 4274 1203 4330 Concil.
1224 4273 1350 4330 Trident.

182 4375 244 4417 sesa.
268 4363 312 4414 24.
334 4373 399 4414 con.
420 4363 446 4414 5.
468 4365 494 4414 et
513 4363 537 4414 o.
557 4357 590 4414 de
608 4373 736 4415 sacrorn.
757 4361 894 4418 erratrice.

254 4447 293 4517 (3)
314 4445 361 4503 Cir
380 4448 506 4503 Sancbez
525 4447 574 4502 eit.
599 4447 649 4502 lib.
671 4455 695 4502 8.
718 4449 794 4518 disp.
817 4451 842 4501 7.
864 4464 894 4504 ra.
920 4453 961 4502 lt.
984 4455 1010 4506 et
1028 4464 1103 4522 seqq.
1190 4497 1194 4512 ,
