3446 5298
635 517 673 530 -
694 485 750 547 371
772 517 810 531 -

154 609 336 714 privilegio
351 609 471 714 aliquo
492 610 547 688 vel
567 609 863 715 praescriptione,
895 608 1023 688 saltem
1044 606 1082 684 iu
1103 607 1323 702 visitatione,

154 759 341 812 causarum
356 733 669 812 matrimonialium
685 734 922 836 coguitionem
937 732 1006 811 sibi
1025 731 1270 834 adrogabaut3
1288 756 1329 809 ao

154 855 281 936 idcirco
309 857 453 935 minime
482 855 600 936 obstet
628 857 951 951 commissionibus,
982 881 1075 962 quae
1103 880 1167 960 pro
1197 853 1326 934 iisdem

153 981 267 1060 causis
295 979 619 1060 matrimonialibus
647 979 900 1060 deliniendisa
929 979 1019 1058 Sede
1039 990 1142 1083 apost
1151 977 1240 1056 olica
1260 977 1328 1055 uli-

152 1108 206 1184 cui
225 1132 347 1184 eorum
366 1108 404 1184 iu
419 1087 576 1186 secunda
596 1107 770 1184 instantia
790 1104 936 1200 liereut;
967 1103 1204 1182 nihilomiuus
1220 1127 1326 1206 prae·
1424 1135 1432 1150 ·

159 1229 307 1335 cipimus
335 1254 377 1308 ac
404 1229 616 1308 mandamus
644 1229 702 1324 iis,
734 1228 780 1307 ad
807 1254 897 1332 quos
934 1225 1138 1306 huiusmodi
1166 1226 1326 1304 commis·

52 1431 55 1439 ,
153 1351 289 1430 siouum
318 1378 381 1432 seu
410 1351 675 1456 delegationum
703 1351 1008 1458 expediendorum
1037 1376 1122 1429 cura
1153 1350 1325 1454 pertinet,

153 1491 192 1554 ut
211 1479 248 1554 in
268 1475 428 1556 loturum
448 1501 637 1555 causarum
658 1475 974 1555 matrimonialium
995 1475 1236 1578 coguitionem
1257 1496 1329 1550 uon

153 1600 373 1678 committant
402 1600 471 1677 uisi
501 1601 684 1705 Episcopis
704 1601 913 1704 praesertim
941 1597 1187 1693 vicinioribus,
1218 1596 1276 1674 vel
1296 1595 1326 1674 si

153 1721 273 1799 nullus
300 1723 346 1800 sit
387 1723 599 1828 Episcopus,
631 1724 762 1802 011101
804 1723 963 1826 legitima
1004 1747 1113 1800 causa
1150 1718 1329 1798 commode

152 1845 325 1924 committi
365 1847 506 1950 possit,
540 1861 616 1925 tum
653 1849 852 1926 commissio
885 1860 920 1925 et
948 1843 1125 1948 delegatio
1153 1843 1330 1945 dirigatur

156 1967 217 2046 uui
236 1994 280 2046 er
300 1969 357 2063 iis,
380 1971 442 2072 qui
462 1971 659 2050 secuudum
688 1971 848 2050 ordinem
877 1984 914 2049 01
942 1969 1084 2048 modum
1113 1997 1133 2047 a
1162 1967 1273 2046 Nobis
1292 1969 1330 2046 in

156 2091 328 2197 praelatis
343 2094 533 2200 encyclicis
556 2095 669 2174 literis
687 2095 948 2201 praescriptum
967 2119 1033 2200 pro
1061 2093 1183 2173 Iudice
1203 2093 1330 2171 idoneo

157 2215 201 2294 ab
231 2215 406 2322 Episcopo
426 2243 506 2296 cum
534 2219 682 2298 oonsilio
710 2221 767 2298 sui
796 2219 950 2324 Capituli
980 2219 1185 2298 nominatus
1204 2217 1327 2296 luerit.

236 2343 274 2440 ἓ.
309 2351 346 2420 5.
378 2341 479 2430 011011
508 2367 591 2421 1010
620 2343 665 2422 ad
695 2343 869 2437 ordinem,
901 2357 937 2422 et
960 2345 1088 2421 seriem
1116 2343 1331 2421 iudiciorum

156 2463 194 2541 111
222 2466 341 2543 causis
368 2465 693 2545 matrimonialibus
716 2493 780 2573 pro
808 2466 930 2545 debita
958 2480 995 2546 et
1022 2491 1178 2570 congrua
1207 2491 1329 2544 earum

156 2590 406 2670 terminatione
421 2591 637 2670 servandum
653 2605 805 2697 spectat,
817 2605 916 2670 motu
932 2594 1089 2697 proprio,
1104 2604 1200 2670 certa
1216 2592 1333 2670 scien-

157 2713 207 2792 tia
237 2739 279 2792 ac
310 2727 451 2793 matura
489 2715 751 2794 deliberatione
784 2717 931 2810 nostriS,
964 2715 1080 2820 deque
1115 2713 1330 2820 apostolicae

157 2839 347 2942 potestatis
374 2839 601 2944 plenitudiue
631 2839 698 2918 hac
725 2853 848 2918 nostra
877 2841 1147 2945 inperpetuum
1176 2838 1332 2916 valitura

156 2963 341 3042 sanctione
369 2963 635 3058 constituimus,
666 2963 889 3042 deceruimus
918 2989 960 3042 ac
987 2963 1174 3054 iubemus,
1206 2974 1248 3040 ut
1286 2961 1331 3039 ab

157 3085 323 3165 omuibus
356 3100 392 3166 et
432 3087 584 3191 siugulis
621 3087 776 3166 locorum
805 3086 1005 3165 Ordiuariis
1042 3085 1079 3164 in
1107 3085 1183 3164 suis
1212 3107 1334 3190 respe-

156 3213 250 3292 ctive
288 3211 511 3292 dioecesibus
540 3237 690 3318 persona
720 3212 840 3317 aliqua
877 3212 1005 3290 idonea
1034 3211 1206 3314 eligatur,
1237 3210 1331 3288 etsi

158 3336 236 3415 lieri
265 3349 398 3442 potest,
431 3361 475 3414 01
504 3337 744 3415 ecclesiastico
781 3349 899 3431 coetu,
931 3335 1020 3414 iuris
1058 3335 1208 3414 scientia
1236 3335 1334 3439 pari-

159 3473 214 3539 ter
229 3473 265 3539 et
285 3463 377 3540 vitae
398 3459 578 3566 probitate
606 3459 782 3567 praedita,
814 3486 908 3566 quae
937 3461 1241 3540 matrimoniorum
1270 3459 1334 3538 de-

158 3581 279 3664 1011001
307 3584 567 3680 nominabitur,
600 3609 680 3663 cum
709 3583 880 3664 lacultate
917 3597 1038 3663 tamen
1074 3609 1150 3662 eam
1179 3607 1333 3688 suspen·

159 3707 282 3804 dendi,
313 3709 369 3786 vel
399 3708 618 3803 removendi,
650 3711 681 3787 si
715 3711 810 3786 iusta
839 3733 946 3786 causa
975 3705 1144 3802 adsuerit,
1181 3719 1218 3784 et
1246 3703 1334 3784 sub·

159 3831 335 3912 stitueudi
372 3833 479 3911 aliam
516 3858 629 3938 aeque
666 3831 830 3910 idoneam
859 3846 895 3911 01
931 3831 1058 3910 iisdem
1095 3829 1334 3935 qualitatibus

158 3969 338 4052 ornatam,
369 3958 587 4062 quodetiam
608 3956 683 4035 lieri
698 3957 844 4062 poterit,
867 3955 1162 4061 quotiescumque
1182 3978 1334 4060 persona

162 4081 208 4159 ad
227 4083 534 4162 matrimoniorum
554 4079 796 4160 delensiouem
811 4079 1005 4176 destinata,
1038 4106 1118 4159 cum
1137 4104 1175 4158 00
1195 4077 1334 4156 occasio

164 4203 294 4307 agendi
322 4205 508 4301 obtulerit,
540 4205 609 4284 orit
631 4204 788 4308 legitime
809 4202 994 4309 impedita.

243 4329 283 4427 ἓ.
315 4337 354 4407 6.
386 4328 437 4407 dd
468 4329 621 4408 officium
655 4341 774 4406 autem
802 4325 1000 4406 delensoris
1029 4325 1336 4405 matrimoniorum

166 4447 386 4543 huiusmodi,
417 4465 595 4556 utsupra
633 4451 755 4546 electi,
788 4451 966 4557 spectabit
1003 4453 1041 4529 iu
1074 4449 1244 4528 iudicium
1273 4471 1338 4526 ue-
