3402 5292
688 463 864 524 -353-

193 619 211 660 a
235 602 276 665 ut
306 587 355 666 ihi
384 589 544 666 sentiunt
574 587 808 666 communiter
827 602 1004 678 auctores.
1027 649 1035 664 .
1059 651 1066 666 .
1098 590 1197 678 Quod
1218 591 1248 668 si
1268 590 1357 668 obii-

193 710 351 790 «ciatur
388 737 419 789 s.
451 711 643 789 Concilium
672 711 870 816 respexisse
900 711 1102 792 libertatem
1131 713 1285 818 puellae,
1318 741 1359 792 ac

194 835 501 912 «matrimonium
530 835 668 912 nullum
696 817 911 930 decrevisse,
934 836 963 912 si
983 837 1218 915 contrahatur
1246 838 1359 916 donec

195 971 291 1036 «est
319 959 359 1034 in
386 970 567 1063 potestate
596 957 764 1064 raptoris,
795 957 888 1036 hano
921 973 1041 1036 antem
1078 961 1252 1038 rationem
1281 987 1359 1038 ces-

195 1107 314 1160 «sare
343 1081 373 1160 si
402 1083 520 1187 puella
549 1084 668 1188 raptui
697 1085 935 1162 consenserit:
968 1083 1051 1162 huie
1082 1083 1271 1164 obiectioni
1300 1111 1358 1163 ro-

195 1239 212 1276 a
236 1205 432 1311 spondetur
461 1208 588 1311 primo,
619 1207 714 1312 qued
743 1233 927 1296 cousensus
966 1207 1105 1311 puellae
1134 1208 1181 1286 od
1210 1222 1356 1313 ruptum

194 1332 478 1434 «praesumitur
505 1345 669 1410 extortus
697 1358 717 1409 a
746 1332 822 1409 rire
858 1347 922 1436 per
959 1331 1093 1426 dolum,
1125 1333 1226 1410 iuxta
1263 1333 1353 1412 dict.

195 1485 212 1524 c
236 1453 305 1556 leg.
341 1464 376 1532 1.
400 1453 652 1559 Respondetur
667 1455 837 1548 secunde,
856 1481 933 1534 csso
948 1455 1244 1533 considerandum
1260 1457 1356 1560 quod

194 1575 337 1656 <elaad
365 1589 415 1656 cst
443 1579 566 1682 raptui
592 1581 803 1664 consentire,
833 1589 866 1656 et
884 1577 986 1656 eliud
1005 1581 1199 1656 consentire
1226 1581 1357 1658 metri-

195 1702 366 1779 «meot'e.
399 1709 446 1780 Et
467 1714 655 1806 praetereo
684 1729 727 1781 ecc
756 1727 925 1780 censensu
944 1701 992 1780 od
1011 1714 1172 1806 ruptum,
1202 1727 1271 1780 ooo
1300 1703 1358 1778 a'n-

193 1827 326 1932 «ferri
354 1853 557 1904 eertsensum
586 1827 633 1906 ed
660 1829 947 1914 matrimonium,
976 1840 1085 1931 atque
1111 1827 1162 1904 ita
1181 1851 1253 1904 nen
1280 1853 1359 1904 ces-

194 1977 315 2029 «sare
344 1951 516 2029 rationem
546 1953 689 2030 Concilii
723 1953 759 2029 in
788 1977 845 2046 ea,
876 1975 967 2057 quae
989 1951 1185 2029 assentitur
1218 1951 1354 2056 raptui,

194 2101 315 2154 «cum
344 2089 467 2180 postca
496 2074 703 2155 dissentiret
730 2076 967 2154 matrimonio.

273 2206 442 2304 ‹ltaquc
471 2199 614 2278 videtur
645 2199 949 2305 respondendum,
990 2212 1168 2304 raptorem
1197 2201 1357 2280 mulieris

195 2357 212 2394 «
237 2324 404 2417 velentis,
437 2323 570 2400 includi
598 2324 741 2402 decreto
762 2323 919 2416 tenurit,
943 2323 1035 2401 sicut
1055 2323 1091 2400 in
1112 2324 1228 2428 specie
1248 2325 1356 2402 etiam

195 2485 212 2520 ⁴<
237 2451 348 2530 sentit
378 2453 560 2527 Navarrus
588 2461 697 2527 const.
731 2459 768 2544 2,
802 2449 859 2526 tit.
891 2449 933 2528 de
960 2461 1058 2554 rapt.
1082 2448 1144 2527 dib.
1169 2449 1244 2528 5in
1263 2449 1357 2527 hanc

194 2573 452 2652 «sententiam
479 2573 594 2651 citans
622 2577 658 2650 S.
677 2573 858 2666 Thomam,
890 2572 952 2676 qui
981 2573 1031 2650 ait
1051 2591 1128 2650 esse
1157 2585 1352 2677 receptum.

194 2727 212 2770 ‹
236 2699 282 2776 Et
309 2696 404 2802 qued
433 2696 565 2774 dictum
594 2709 648 2774 est
669 2696 712 2774 de
733 2696 970 2788 matrimonio,
990 2711 1029 2774 ut
1050 2697 1241 2776 Concilium
1262 2724 1359 2776 cem-

195 2853 211 2892 a
234 2819 436 2927 prehendat
464 2822 571 2898 etiam
600 2835 777 2926 raptorem
798 2821 956 2898 mulieris
976 2821 1143 2917 uolentis
1166 2823 1356 2900 dicendum

195 2959 291 3025 «ost
320 2946 428 3023 etiam
456 2945 499 3022 de
528 2945 652 3049 poenis
680 2945 724 3022 eh
753 2945 895 3023 easdem
923 2945 1095 3022 rationes.

274 3103 292 3144 a
316 3075 411 3149 Haec
439 3083 559 3147 autem
587 3071 703 3146 omnia
733 3070 783 3146 ita
803 3082 888 3147 sunt
904 3069 1150 3172 intelligenda,
1174 3095 1253 3148 cum
1274 3097 1355 3149 vore

195 3211 362 3302 «raptus
395 3195 602 3288 interuenit,
643 3195 705 3302 pai
741 3193 894 3300 requirit
931 3195 1091 3301 aliquem
1124 3197 1355 3277 uiolentiam:

196 3357 212 3392 «
239 3321 326 3400 adoo
355 3335 396 3398 ut
425 3334 550 3425 raptus
578 3345 648 3396 non
669 3321 817 3426 tollatur
837 3346 915 3398 cum
932 3319 1034 3400 abest
1051 3322 1219 3400 violentia
1235 3337 1271 3400 et
1293 3322 1357 3400 ab·

195 3443 358 3522 «ductio
388 3469 450 3546 por
477 3467 687 3521 eonsensum
716 3443 875 3523 mulieris
904 3443 978 3548 (1),
997 3471 1099 3524 secus
1127 3449 1157 3523 si
1186 3447 1355 3524 violentia

196 3593 309 3645 «non
338 3567 589 3661 intercederet,
621 3581 656 3645 ot
685 3567 812 3644 mulier
840 3582 934 3646 esset
963 3568 1018 3645 sui
1048 3569 1148 3663 iuris
1173 3569 1264 3648 idest
1293 3595 1358 3648 ne-

194 3727 211 3764 «
235 3718 305 3797 que
335 3691 370 3768 in
399 3705 576 3795 potestate
606 3705 808 3795 parentum,
832 3717 947 3795 neque
963 3693 1106 3786 tutoris,
1125 3718 1240 3797 neque
1260 3693 1359 3770 simi·

193 3853 209 3886 a
235 3816 335 3910 liuta,
355 3841 469 3921 neqrrc
485 3815 791 3921 promissionibus
811 3816 865 3893 md
881 3816 959 3892 aliis
975 3816 1114 3894 artibus
1134 3830 1227 3895 esset
1243 3817 1357 3894 dedu-

192 3978 209 4011 «
234 3955 305 4034 cta,
330 3955 369 4018 ut
386 3940 475 4018 boue
501 3967 562 4045 per
580 3941 756 4018 Mascard.
775 3940 817 4018 de
832 3939 934 4045 prob.
953 3940 1023 4017 ool.
1044 3951 1080 4018 3.
1100 3939 1209 4017 couci.
1236 3950 1351 4020 1253.

196 4063 335 4141 «verb.
369 4064 524 4168 Rapina,
545 4089 582 4140 a.
607 4072 671 4143 20.
697 4094 716 4138 a

271 4191 356 4264 3.ln
371 4213 442 4291 que
457 4185 705 4265 Iurisconsulti
725 4201 819 4282 vote,
833 4189 995 4292 quamuis
1010 4191 1181 4266 nonnulla
1193 4189 1355 4266 habean-

262 4379 303 4454 (1)
321 4381 397 4438 latest
415 4381 494 4438 setus
525 4394 681 4438 consensus
702 4379 814 4450 puellae
834 4380 863 4436 in
883 4385 998 4451 raptum
1017 4395 1075 4437 nen
1100 4383 1214 4449 sufficit,
1235 4389 1267 4439 ut
1286 4395 1357 4440 mu-

195 4471 245 4528 lier
264 4487 321 4528 nen
341 4472 451 4528 dicatur
469 4478 557 4540 rapta.

244 4561 381 4606 lausanna,
397 4560 429 4604 tte
442 4557 635 4616 impedimenta.
1271 4563 1298 4604 ⁷2³
