3446 5298
885 489 921 500 -
945 456 1003 518 370
1025 487 1062 499 -

380 572 538 651 Iudicem
568 573 844 679 appellationem
873 579 1093 682 interponat,
1126 576 1182 654 rel
1211 575 1296 679 quia
1316 574 1499 676 litigantes
1519 574 1557 652 in

383 697 501 802 speeie
521 697 666 802 quidem
686 697 882 794 discordes,
906 725 943 778 re
963 727 1046 779 vera
1068 701 1162 778 inter
1181 723 1218 776 sa
1239 695 1431 776 oonoordes
1454 710 1553 791 sunt,

379 835 415 899 et
443 823 593 901 invioem
619 821 854 918 oolludentes,
877 837 1101 904 oontraotum
1121 822 1385 902 matrimonium
1410 821 1557 902 dissolvi

382 945 557 1050 eupiunt;
590 947 645 1024 vel
673 949 759 1052 quia
788 973 885 1052 pars,
918 973 1011 1054 quae
1039 973 1103 1052 pro
1132 927 1319 1048 validita‘te
1339 945 1555 1024 matrimonii

382 1069 516 1164 stabat,
539 1071 690 1176 eiusque
710 1071 912 1150 nullitatem
933 1073 1062 1150 aeriter
1082 1084 1205 1150 eontra
1226 1070 1468 1148 adversarium
1490 1069 1557 1149 im·

380 1195 580 1298 pugnabat,
613 1195 687 1273 lata
719 1223 739 1272 a
773 1195 895 1274 ludioe
916 1197 1096 1274 sententia
1126 1209 1250 1273 eontra
1271 1193 1551 1286 matrimonium,

380 1331 496 1397 mutat
515 1319 751 1413 voluntatem,
783 1321 839 1398 vel
868 1323 1020 1424 pecunia
1040 1317 1112 1396 sibi
1132 1317 1177 1395 ad
1198 1332 1363 1422 sumptus
1389 1317 1462 1395 litis
1482 1341 1554 1394 non

380 1457 610 1550 suppetente,
643 1443 698 1522 vel
727 1444 807 1521 aliis
827 1443 1078 1522 delinientibus
1107 1443 1252 1520 auxiliis
1272 1441 1317 1519 ad
1342 1440 1554 1543 litigandum

379 1567 606 1662 necessariis,
639 1581 675 1646 et
703 1569 904 1672 inooeptum
934 1592 1023 1671 opus
1052 1591 1093 1644 ao
1121 1591 1265 1644 oausam
1294 1577 1374 1669 post
1400 1565 1552 1668 primam

379 1693 595 1770 sententiam
624 1690 769 1770 deserit.
806 1695 882 1780 Ouo
910 1691 976 1784 lit,
1009 1703 1049 1768 ut
1078 1687 1207 1768 deinde
1236 1688 1340 1766 ambo
1367 1687 1551 1788 boninges,

380 1816 437 1893 vol
465 1840 559 1892 unus
580 1839 701 1892 eorum
730 1813 775 1892 ad
804 1813 902 1891 aliud
923 1811 1209 1890 contrahendum
1232 1811 1497 1890 matrimonium
1516 1834 1554 1888 se

380 1939 557 2019 eonlerat.

459 2068 498 2166 ἓ.
532 2071 569 2142 l.
601 2061 700 2152 Quod
730 2077 849 2142 autem
878 2063 923 2140 ad
953 2061 1095 2142 ludices
1122 2059 1293 2166 pertinet,
1324 2059 1458 2163 quibus
1492 2083 1556 2136 or-

381 2203 436 2268 tra
473 2213 655 2266 romanam
692 2189 833 2265 Curiam
869 2211 934 2291 pro
962 2187 1179 2289 litigantium
1217 2183 1397 2262 eommodo
1426 2207 1555 2260 causae

382 2310 661 2388 matrimoniales
689 2309 975 2403 committuntur,
1007 2323 1156 2414 paterna
1177 2308 1237 2386 illa
1258 2306 1458 2410 vigilantia,
1481 2331 1555 2410 qna

382 2433 427 2511 de
455 2433 594 2511 iustitia
623 2433 818 2536 unieuiqua
846 2433 983 2536 integre
1011 2433 1264 2537 sapienterque
1298 2432 1557 2510 administran-

381 2556 426 2633 da
446 2557 588 2634 sollieiti
617 2581 694 2635 esse
714 2555 899 2652 debemus,
931 2558 1121 2664 enoyelieis
1150 2557 1265 2636 literis
1293 2555 1336 2634 ad
1366 2555 1557 2634 venerabi-

380 2679 434 2758 les
463 2677 591 2757 lratres
619 2679 859 2775 Patriarehas,
882 2683 1069 2776 PrimateS,
1093 2681 1386 2784 nrohiepisoopos
1414 2695 1449 2759 et
1472 2679 1557 2784 Epi-

379 2825 504 2907 seopos
541 2801 684 2906 seriptis
726 2803 893 2880 vicesima
935 2818 1037 2882 sexta
1080 2803 1224 2906 augusti
1267 2827 1360 2882 anno
1399 2802 1556 2882 seeundo

378 2921 613 3004 Pontilioatus
641 2925 769 3019 nostri,
810 2927 996 3030 providere
1025 2927 1244 3020 curavimuS,
1276 2927 1314 3003 in
1351 2925 1485 3030 quibus
1514 2949 1555 3004 aa

379 3050 701 3154 praeseripsimuS,
733 3075 825 3154 quae
854 3054 965 3130 saeris
992 3052 1220 3148 Canonibus,
1252 3065 1288 3130 et
1317 3051 1462 3130 Conoilii
1491 3053 1556 3130 tri-

379 3171 518 3250 dentini
538 3173 691 3251 decretis
710 3199 878 3269 consona,
909 3177 940 3253 si
960 3176 1165 3278 diligenter,
1197 3189 1238 3254 ut
1258 3201 1457 3280 speramuS,
1480 3200 1556 3253 ser-

380 3307 524 3388 ventur,
560 3294 598 3371 in
627 3310 808 3400 posterum
840 3322 969 3377 oausae
1003 3323 1075 3376 non
1102 3299 1173 3378 nisi
1200 3299 1363 3404 personis
1396 3323 1552 3401 congrua

380 3416 468 3493 iuris
496 3415 626 3520 peritia
653 3431 690 3496 et
718 3422 917 3498 necessario
951 3421 1140 3526 probitatis
1177 3435 1431 3526 speetataeque
1469 3419 1552 3498 fidei

380 3541 529 3620 munitis
557 3541 736 3646 praesidio
763 3544 1045 3623 committantur.
1078 3549 1230 3650 Insuper
1248 3545 1292 3623 ad
1322 3571 1379 3640 ea,
1403 3547 1553 3649 quaein

380 3663 506 3744 iisdem
543 3667 732 3770 anapoliois
770 3668 883 3746 literis
920 3669 1117 3748 constituta
1158 3683 1267 3764 sunt,
1303 3670 1339 3747 id
1377 3671 1485 3748 etiam
1514 3671 1550 3748 in

380 3792 562 3895 praesenti
590 3791 840 3896 adiungimus;
881 3793 1005 3898 quod,
1036 3794 1201 3898 quamvis
1235 3795 1379 3874 Conoilii
1417 3795 1556 3873 triden-

381 3913 447 3994 tini
476 3915 672 4010 deoretum,
705 3943 776 4022 quo
796 3943 924 3996 oausae
948 3918 1227 3996 matrimoniales
1250 3917 1456 3998 subtractae
1477 3919 1556 3998 lne-

380 4050 467 4115 runt
490 4039 636 4133 Deeani,
656 4039 903 4119 ltrehidiaooni
932 4053 968 4118 et
996 4040 1147 4118 aliorum
1167 4039 1374 4118 inleriorum
1400 4039 1547 4135 iudieio,

379 4175 417 4240 et
435 4160 689 4268 Episooporum
710 4175 850 4242 tantum
877 4162 1033 4241 examini
1062 4177 1097 4241 et
1126 4163 1364 4242 iurisdietioni
1389 4189 1553 4243 reserva-

378 4298 451 4380 tae,
483 4285 671 4366 dumtaxat
700 4286 868 4392 proeedat
888 4285 932 4366 de
952 4285 1235 4381 Arohidiaoonis,
1267 4287 1432 4381 Deoanis,
1457 4287 1556 4365 aliis-

377 4434 447 4513 que
476 4407 720 4505 inlerioribus,
752 4411 814 4516 qui
843 4411 880 4488 in
908 4411 1033 4490 eadem
1069 4410 1222 4491 dioecesi
1261 4411 1464 4506 constituti,
1498 4410 1553 4489 vel
