3446 5298
937 675 1028 762 VH.

509 861 687 936 instructio
695 863 737 946 (l)
754 880 851 954 snper
864 862 1161 955 dispensationibus
1174 861 1476 937 matrimonialibus.

485 1028 571 1102 Cum
599 1021 820 1127 dispensatio
857 1022 1021 1100 sitieris
1058 1021 1257 1100 communis
1295 1021 1466 1100 relaxatio
1495 1045 1578 1098 cum

405 1173 534 1226 causae
571 1146 786 1250 cognitione,
818 1145 863 1223 ab
891 1169 932 1224 eo
960 1145 1068 1240 lacta,
1100 1145 1162 1250 qui
1200 1145 1310 1223 habet
1343 1157 1574 1248 potestatem,

407 1271 631 1375 exploratum
660 1269 826 1347 omnibns
854 1285 909 1348 est
936 1267 1222 1376 dispensationes
1243 1267 1288 1346 ab
1315 1265 1578 1372 impedimentis

406 1391 731 1471 matrimonialibus
759 1417 831 1470 uon
867 1419 945 1471 esse
974 1391 1227 1495 indulgendas,
1262 1393 1328 1470 nisi
1358 1389 1515 1493 legitima
1543 1403 1580 1468 et

408 1515 526 1618 gravis
554 1541 661 1592 causa
689 1516 920 1595 interveniat.
952 1517 1045 1605 Quin
1073 1515 1142 1594 imo
1172 1513 1274 1594 iacile
1291 1517 1443 1620 quisque
1472 1511 1580 1591 intel·

408 1639 503 1742 ligio,
525 1652 625 1718 tanto
645 1640 842 1740 graviorem
861 1666 1005 1719 causam
1034 1641 1183 1746 requiri,
1206 1654 1342 1746 quanto
1362 1639 1505 1742 gravius
1524 1651 1580 1715 est

412 1763 719 1866 impedimentum,
751 1763 847 1868 quod
875 1765 1013 1869 nuptiis
1041 1761 1266 1844 celebrandis
1293 1765 1583 1870 opponitur.Ve-

409 1911 488 1964 rum
517 1884 613 1962 haud
641 1911 721 1964 raro
750 1885 795 1964 ad
824 1913 855 1964 e.
874 1887 998 1966 Sedem
1019 1889 1234 1994 perveniunt
1258 1889 1437 1994 supplices
1455 1887 1581 1966 literae

409 2033 474 2114 pro
489 2007 711 2113 impetranda
732 2009 851 2113 aliqua
872 2009 1077 2090 huiusmodi
1096 2011 1376 2116 dispensatione,
1390 2036 1482 2114 quae
1498 2009 1583 2088 nnl-

330 2229 332 2234 .
408 2132 444 2210 la
463 2133 632 2210 canonica
652 2133 789 2210 ratione
810 2133 1022 2214 fulciuntur.
1055 2134 1190 2214 dcoidit
1220 2136 1326 2212 etiam
1346 2131 1578 2237 quandoque,

410 2269 452 2334 ut
472 2255 509 2332 in
526 2255 730 2334 huiusmodi
748 2257 1072 2363 supplicationibus
1091 2283 1132 2336 ea
1152 2259 1379 2352 omittantur,
1406 2283 1499 2362 quae
1519 2283 1585 2335 ne-

410 2381 565 2458 cessario
592 2381 742 2486 exprimi
771 2381 918 2476 debent,
950 2407 995 2460 ne
1023 2381 1243 2488 dispensatio
1282 2381 1462 2461 nullitatis
1494 2383 1583 2462 vitio

411 2502 564 2581 laboret.
596 2501 733 2581 idcirco
760 2519 999 2609 opportunum
1029 2507 1144 2584 uisum
1173 2521 1227 2586 est
1257 2505 1294 2584 in
1322 2504 1501 2610 praesenti
1522 2507 1586 2581 ln-

412 2627 610 2704 structione
626 2625 999 2731 peuoisperstringere
1014 2631 1226 2734 praecipuas
1242 2629 1321 2706 illas
1335 2653 1477 2720 causae,
1490 2651 1584 2730 quae

410 2748 456 2827 ad
475 2749 754 2828 matrimoniales
768 2748 1053 2855 dispensationes
1072 2751 1300 2845 obtinendas,
1320 2751 1419 2828 iuxta
1435 2747 1586 2827 canoni-

412 2899 473 2952 cas
500 2873 703 2951 sanctiones
730 2887 766 2951 et
794 2875 952 2978 prudens
979 2875 1240 2954 ecclesiasticae
1276 2875 1490 2980 provisionis
1528 2900 1587 2951 ar-

411 2997 574 3090 bitrium,
606 3023 670 3102 pro
697 2997 960 3078 sufficientibus
989 2998 1113 3077 haberi
1141 3011 1428 3094 consueverunt3
1455 2997 1586 3076 deiude

413 3145 456 3198 ea
480 3119 652 3215 indicare,
683 3145 776 3225 quae
805 3121 843 3197 in
870 3123 948 3226 ipsa
976 3120 1243 3226 dispensatione
1278 3118 1432 3226 petenda
1464 3121 1585 3226 expri-

417 3271 512 3325 mere
540 3259 694 3350 oportet.

494 3376 611 3473 Atque
631 3383 672 3448 ut
691 3397 711 3447 a
730 3369 849 3448 causis
864 3369 1172 3476 dispensationum
1200 3369 1384 3448 exordium
1415 3367 1584 3463 ducatur,

415 3493 728 3599 operaepretium
757 3493 826 3572 erit
854 3493 1026 3600 imprimis
1055 3493 1354 3589 animadvertere,
1387 3518 1493 3570 unam
1522 3492 1590 3570 ali-

414 3616 560 3720 quando
588 3641 731 3694 oausam
759 3617 907 3694 seorsim
922 3632 1102 3722 acceptam
1123 3618 1398 3696 insufficientem
1417 3641 1510 3710 esse,
1524 3615 1588 3694 sed

417 3742 520 3821 alteri
549 3740 755 3819 adiunctam
782 3739 1019 3819 sufficientem
1047 3741 1268 3835 existimari3
1299 3765 1383 3818 nam
1401 3764 1495 3844 quae
1515 3765 1588 3818 non

415 3881 566 3974 prosunt
595 3865 751 3969 singula,
783 3866 894 3945 multa
923 3867 1062 3962 iurant,
1094 3891 1175 3972 erp.
1207 3865 1234 3944 l.
1258 3873 1296 3944 5.
1324 3873 1361 3944 C.
1385 3865 1427 3944 de
1442 3863 1585 3971 probat.

417 3991 631 4076 Huiusmodi
659 4005 777 4070 antem
808 4009 936 4070 causae
965 4005 1050 4070 sunt
1077 4017 1171 4097 quae
1199 4005 1426 4096 sequuntur:

497 4127 533 4194 1.
566 4117 742 4219 depastio
770 4114 838 4193 loci
864 4117 939 4196 sive
967 4115 1132 4195 absoluta
1161 4116 1235 4195 sire
1257 4115 1405 4194 relativa
1432 4116 1589 4222 (ratione

489 4287 527 4362 (1)
545 4291 625 4346 Hanc
643 4288 864 4344 instructionem
885 4291 913 4344 s.
930 4291 959 4345 c.
980 4289 1015 4345 do
1034 4291 1154 4361 Propng.
1170 4292 1200 4345 F.
1221 4291 1311 4348 hebes
1330 4292 1360 4348 in
1379 4291 1429 4347 eit.
1450 4290 1586 4347 collecto·

414 4377 632 4434 muccosum
658 4375 810 4433 societatis
834 4375 1006 4434 llieeiooum
1029 4378 1071 4435 od
1094 4389 1213 4445 eeteros,
1243 4393 1275 4435 oo.
1293 4381 1377 4447 toll,
1398 4393 1470 4450 pop.
1490 4383 1540 4434 888
1558 4386 1586 4435 et

415 4481 491 4540 seqq.
505 4467 555 4524 ott.
570 4466 641 4523 edit.
656 4470 735 4523 8888.
