3402 5292
875 443 912 456 -
934 412 992 474 348
1014 445 1050 458 -

377 537 572 642 apostolica
611 537 745 616 iaciant
785 538 1013 616 auctoritate.
1037 583 1061 598 -
1081 539 1229 614 Domum
1270 530 1468 634 Rescriptis
1509 529 1547 605 in

376 663 496 767 [mma
521 662 641 741 mirata
669 661 780 768 (idest
804 663 965 766 pretioso
984 661 1090 740 simul
1109 675 1146 739 et
1165 656 1427 760 commissario)
1456 659 1549 732 Pon-

378 785 467 863 tifex
497 786 647 889 gratiam
676 785 820 889 quidem
853 784 951 880 facit,
984 785 1051 865 sub
1072 780 1337 864 conditionibus
1363 776 1548 857 tamenab

378 891 566 986 Ordiirario
594 909 881 1015 comprobandis.
904 914 949 990 Et
978 911 1044 988 hoc
1072 910 1109 986 in
1136 931 1223 986 casu
1251 917 1440 984 exsecutor
1466 927 1546 980 cum

378 1031 580 1134 cognitione
599 1059 727 1112 causae
748 1033 938 1138 procedere
957 1032 1064 1112 debet
1084 1031 1127 1110 ad
1145 1027 1426 1122 exsecutionem,
1443 1051 1546 1106 suam

378 1153 576 1232 exercendo
596 1155 877 1236 iurisdictionem
895 1157 934 1234 in
952 1153 1196 1261 expendendis
1215 1167 1252 1231 et
1276 1149 1546 1256 comprobandis
1568 1255 1574 1270 .

378 1279 565 1382 expositis
579 1305 693 1384 eaque
707 1279 920 1360 conferendo
934 1305 1014 1359 cum
1028 1276 1294 1358 conditionibus
1305 1277 1342 1354 iu
1353 1273 1547 1380 apostolico

378 1403 567 1506 Rescripto
586 1403 735 1482 adiectis
750 1405 834 1510 (Csr
853 1407 1041 1484 De-Rosa:
1063 1411 1115 1482 De
1132 1399 1386 1482 Ececctcribcs
1406 1398 1548 1479 littero·

379 1551 461 1604 rom
475 1537 590 1631 apost.
604 1538 705 1632 port.
727 1537 771 1606 1..
782 1552 863 1633 cop.
882 1539 919 1607 3.
938 1551 1000 1606 nc.
1019 1537 1042 1608 9
1059 1541 1097 1607 et
1126 1537 1193 1623 123
1225 1551 1304 1630 cop.
1318 1529 1361 1605 ’5.
1380 1549 1443 1602 nn.
1471 1533 1487 1601 1
1510 1537 1547 1602 et

381 1649 462 1752 13).
473 1655 611 1729 Porro«
630 1651 851 1756 dispensatio
866 1651 1025 1732 informa
1040 1653 1210 1755 gratiosa,
1224 1665 1266 1730 ut
1286 1663 1408 1730 monet
1423 1654 1549 1728 Corra-

381 1773 492 1854 «dus
520 1775 672 1878 (Procris
692 1775 888 1880 dispensat.
919 1787 1032 1882 apost.
1069 1775 1132 1854 tto.
1166 1784 1203 1855 7.
1231 1800 1309 1880 cop.
1338 1770 1544 1876 1131),

381 1899 529 1980 «bodie
557 1901 771 2004 regulariter
799 1926 871 1978 non
898 1900 1020 1994 datur,
1052 1901 1263 2006 praesertim
1296 1899 1335 1976 in
1362 1897 1549 2003 dispensa·

382 2055 401 2098 a
426 2023 584 2104 tionibus
612 2024 952 2120 matrimonialibus3
970 2023 1032 2102 sed
1062 2025 1106 2103 ad
1122 2024 1381 2130 praescriptum
1401 2019 1546 2100 Concilii

382 2149 627 2244 «tridentini,
660 2175 781 2230 omnes
814 2149 1100 2254 dispensationes
1137 2149 1382 2254 conceduntur
1416 2146 1454 2224 in
1475 2145 1546 2224 for-

385 2307 412 2378 a¹
429 2301 483 2352 ma
512 2273 752 2354 commissaria
776 2304 810 2352 ».
843 2277 888 2353 Et
916 2275 1079 2379 quamvis
1107 2275 1144 2352 in
1172 2273 1329 2354 themate
1361 2271 1450 2350 «sit
1470 2270 1548 2374 suf·

383 2429 402 2472 a
425 2397 582 2502 ficienter
611 2424 652 2478 ac
679 2397 836 2503 lepitimc
861 2398 1067 2503 probatum,
1090 2399 1135 2478 ad
1163 2389 1337 2524 premium
1357 2393 1546 2499 Piguatelli

384 2521 505 2626 ‹(ct't.
537 2520 687 2600 consuit.
732 2529 820 2615 118,
861 2546 925 2599 cn.
966 2521 1128 2628 21-22),
1159 2521 1254 2626 quod
1283 2518 1546 2598 matrimonium

383 2675 402 2718 a
427 2645 518 2750 (Caii
545 2669 625 2724 cum
663 2642 773 2748 Iulia)
802 2669 873 2722 non
910 2643 1018 2724 fuerit
1051 2659 1348 2738 consummatum,
1388 2658 1425 2723 et
1452 2642 1547 2748 quod

383 2769 521 2848 «adsit
550 2769 705 2872 allegata
733 2768 944 2873 impotentia
982 2797 1062 2850 cum
1090 2772 1169 2849 aliis
1198 2771 1314 2850 causis
1347 2795 1456 2874 supra
1485 2767 1547 2846 de-

385 2923 403 2966 a
428 2891 546 2972 ductis
569 2923 587 2968 »
611 2905 775 2971 -tamen
804 2907 941 2972 certum
970 2909 1040 2989 est,
1071 2919 1142 2972 non
1162 2893 1329 2998 expedire
1357 2906 1399 2972 ut
1426 2891 1548 2970 eadem

385 3016 603 3094 concedatur
629 3015 668 3094 in
688 3015 798 3095 iorrna
816 3017 992 3122 pretioso,
1008 3043 1087 3098 cum
1102 3031 1265 3096 constare
1286 3030 1390 3112 certo·
1402 3013 1545 3107 debeat,

385 3139 608 3242 praedictum
637 3139 901 3218 matrimonium
934 3165 1000 3219 nec
1026 3166 1141 3246 usque
1169 3140 1215 3218 ad
1242 3165 1412 3246 praesens
1439 3137 1548 3216 fuisse

383 3275 688 3340 consummatum:
706 3287 817 3366 quare
832 3263 1057 3343 concedenda
1073 3291 1115 3342 ea
1130 3277 1224 3344 esset
1239 3264 1294 3342 vel
1305 3265 1342 3340 in
1356 3261 1467 3341 forma
1480 3263 1550 3340 mi-

386 3398 469 3472 aaa,
498 3399 640 3466 attenta
668 3385 854 3491 sufficienti
881 3413 922 3466 ac
950 3387 1109 3492 lepitimo
1138 3413 1180 3467 ex
1213 3389 1312 3468 Actis
1344 3385 1549 3492 supradicta

384 3508 612 3616 probatione,
644 3509 700 3586 vel
720 3509 757 3586 in
777 3509 887 3590 forma
915 3511 1176 3598 commissario,
1193 3526 1235 3591 ut
1249 3523 1395 3590 nronent
1422 3511 1552 3612 Pigne-

385 3631 461 3712 telli
490 3645 526 3710 et
553 3635 692 3738 Ursaya
734 3631 817 3734 (loc.
849 3632 949 3738 cit),
978 3635 1115 3739 aliquot
1144 3636 1265 3714 allatis
1292 3659 1414 3714 sacrae
1442 3631 1550 3712 huius

383 3754 673 3859 Congregaticnis
726 3757 924 3862 exemplis,
968 3759 1101 3862 quibus
1142 3759 1248 3840 adiici
1294 3773 1413 3864 posset
1459 3755 1549 3836 iilud

383 3879 587 3985 praedictae
641 3877 806 3959 codicem.
852 3888 901 3959 at
952 3881 1025 3958 ian.
1080 3890 1211 3977 1857,
1260 3882 1297 3961 in
1343 3908 1414 3986 qua
1459 3879 1551 3959 duo—

383 4003 451 4082 bus
479 4002 598 4082 dubiis
625 4003 831 4108 propositis,
863 4018 905 4084 ut
933 4004 970 4082 iu
998 4006 1179 4108 praesenti
1220 4007 1459 4112 quaestione,
1491 4003 1548 4082 bic

382 4151 483 4206 sacer
511 4127 605 4206 Ordo
633 4127 838 4232 respoudit:
863 4159 881 4202 a
905 4127 959 4206 Ad
989 4139 1062 4223 1⁰⁰¹,
1093 4130 1343 4234 providebitur
1357 4129 1395 4206 in
1422 4151 1552 4206 secun-

329 4318 332 4326 ,
384 4251 443 4330 do.
466 4296 490 4310 -
509 4250 562 4330 bd
591 4261 666 4348 2⁹¹⁶,
698 4252 842 4357 praevia
870 4254 1058 4332 sanatione
1086 4280 1316 4359 processuum
1345 4254 1398 4360 (id
1429 4267 1549 4333 tamen

384 4389 530 4456 cautum
557 4374 675 4456 iuerat
703 4376 747 4456 ob
780 4377 965 4458 evidentes
992 4377 1212 4485 nullitatcs),
1252 4380 1478 4473 affirmative,
1509 4389 1546 4456 et
