3402 5292
868 351 1046 417 -324-

373 478 505 558 rientia
521 505 541 557 a
557 480 638 558 Caio
654 493 799 585 peraeta
814 479 859 557 ad
873 505 947 558 rem
962 479 1165 559 habendam
1179 503 1259 558 oum
1272 479 1417 578 femina,
1431 505 1540 586 quam

372 615 425 680 tot
464 603 556 682 inter
583 605 754 706 elegerat,
786 605 824 682 in
852 605 921 682 alio
948 603 1055 682 simili
1088 626 1239 684 venereo
1271 604 1346 682 loeo
1383 607 1542 684 civitatis

372 731 410 804 C.
433 752 505 804 una
529 753 608 807 oum
626 728 779 833 quodam
808 755 872 806 suo
901 730 1027 824 amieo,
1057 755 1164 834 quem
1190 729 1261 808 fide
1290 730 1539 833 dignissimum

372 849 471 946 dioit,
504 853 883 931 euiustamennomeu
902 853 1149 932 observantiae
1178 877 1285 932 oausa
1315 855 1430 933 noluit
1456 879 1541 961 pro-

372 972 455 1052 dere
484 969 579 1082 (Aet.
610 975 676 1081 sol.
709 976 790 1082 75).
823 1021 847 1037 -
887 979 1002 1063 Testis
1029 989 1083 1055 est
1115 977 1269 1055 Aloisius
1297 979 1360 1082 qui
1392 1003 1437 1057 ex
1464 979 1544 1058 evi·

372 1095 492 1178 dentia
516 1099 731 1205 proprioque
750 1099 843 1178 laeto
869 1100 1029 1204 deponit,
1060 1100 1324 1178 matrimonium
1337 1101 1539 1206 praelatum

371 1247 555 1328 nunquam
596 1225 754 1328 potuisse
786 1225 1023 1305 eonsummari
1059 1223 1104 1301 ob
1132 1225 1205 1302 Caii
1243 1225 1393 1307 toeundi
1426 1227 1542 1332 impo-

371 1351 534 1445 tentiam,
565 1347 610 1428 de
637 1373 709 1454 qua
724 1362 878 1428 testatur
893 1373 936 1431 ex
965 1350 1113 1430 alterius
1133 1348 1305 1429 formosae
1333 1350 1543 1431 adolescen-

371 1475 482 1570 tulae,
513 1477 653 1552 nomine
686 1474 875 1552 Therasiae
907 1473 1100 1577 (Teresian
1106 1533 1186 1550 .....
1206 1474 1264 1552 bie
1292 1479 1378 1552 lota
1410 1499 1542 1578 eogno-

371 1623 453 1676 men
481 1595 727 1704 expungunt),
764 1597 1041 1692 oonlessione,a
1074 1621 1112 1675 se
1141 1623 1235 1675 auno
1267 1598 1406 1676 oiroiter
1437 1607 1538 1677 1858

371 1733 568 1827 possessae,
603 1747 695 1828 quae
723 1721 892 1799 inuiolata
925 1721 1132 1822 uirginitate
1159 1733 1233 1798 tres
1260 1743 1324 1826 por
1351 1723 1541 1801 ooutinuas

371 1859 492 1925 uootes
520 1848 631 1926 irritis
668 1845 839 1951 praedioti
871 1848 945 1924 Caii
973 1844 1162 1923 conatibus
1191 1871 1375 1950 perperam
1412 1872 1541 1926 sueou-

371 1971 477 2050 buit:
509 1971 569 2050 elue
596 1995 704 2050 erorm
731 1970 819 2047 steti
845 1971 934 2047 uerti
961 1969 1003 2047 ed
1025 1968 1238 2072 infruttuosi
1266 1972 1352 2048 tutti
1379 1969 1393 2045 i
1420 1969 1459 2047 dl
1486 1967 1539 2047 lut'

372 2095 483 2198 ssurzt'
511 2119 534 2172 a
561 2091 769 2196 deslororle,
799 2093 923 2198 poieltl
958 2115 1029 2169 nort
1064 2091 1143 2170 ebbe
1171 2117 1244 2170 ortu
1260 2091 1379 2185 ,oolto
1412 2092 1448 2170 lu
1473 2119 1540 2198 po-

372 2229 490 2304 telae,
519 2218 569 2296 ita
589 2231 630 2297 ut
657 2217 701 2296 ab
730 2217 842 2296 altero
868 2219 1024 2318 cognita,
1061 2216 1160 2319 virgo
1187 2217 1295 2296 luerit
1323 2219 1469 2296 inventa
1498 2243 1539 2296 ao

371 2344 484 2449 prima
509 2343 588 2421 vioe
618 2341 803 2436 dellorata,
835 2354 1027 2444 antequam
1059 2339 1105 2418 ab
1135 2341 1265 2419 lloisio
1291 2344 1447 2446 turpiter
1474 2367 1540 2424 no-

372 2481 542 2548 staretur.
585 2471 630 2547 Et
667 2466 830 2570 quamvis
867 2465 1013 2544 dubium
1048 2465 1131 2543 oriri
1164 2467 1277 2571 possit
1309 2491 1355 2546 an
1393 2467 1538 2546 eaedem

372 2593 428 2671 vel
456 2591 618 2671 diversae
643 2592 715 2669 sint
742 2591 883 2695 puellae
915 2615 934 2666 a
968 2589 1139 2668 lliohaelo
1167 2603 1204 2668 et
1239 2591 1370 2668 lloisio
1396 2615 1542 2696 posses-

373 2739 446 2809 sae,
477 2715 609 2819 quippe
636 2712 731 2818 quod
760 2713 805 2791 ab
833 2727 985 2817 utroque
1018 2723 1175 2816 tempora
1204 2713 1311 2790 buius
1329 2715 1464 2818 patrati
1486 2715 1537 2792 la-

372 2835 501 2915 oiuoris
520 2837 727 2916 dubitanter
754 2837 1000 2938 designentur,
1032 2847 1068 2914 et
1095 2837 1202 2914 etiam
1231 2836 1438 2916 dubitanter
1466 2842 1541 2917 Lu-

372 2962 502 3040 cretiae
521 2985 650 3040 nomen
669 2987 689 3038 a
709 2959 822 3066 primo
841 2960 1054 3068 proseratur,
1077 2959 1178 3037 firma
1207 2961 1440 3040 nihilominus
1464 2977 1538 3042 stat

371 3085 409 3162 in
428 3085 549 3164 eodem
576 3084 726 3164 ertioulo
744 3085 890 3178 veritas,
921 3082 1016 3188 quod
1045 3083 1180 3161 seilicet
1207 3109 1286 3161 oum
1306 3084 1379 3162 ulla
1412 3087 1532 3180 Caius,

371 3210 601 3314 impotentiae
629 3211 730 3302 uitio,
762 3212 855 3287 eolre
874 3231 946 3285 non
965 3207 1082 3286 valuit
1106 3208 1202 3311 (Aet.
1230 3207 1311 3313 foll.
1340 3209 1495 3313 82-83).
1513 3225 1538 3270 -'

371 3333 486 3411 Testis
507 3347 562 3410 est
579 3331 884 3409 insolentissimus
912 3329 955 3408 de
984 3331 1192 3435 impotentia
1218 3334 1290 3410 Caii
1310 3334 1536 3412 antecedenti

372 3465 407 3532 et
425 3467 600 3558 perpetua
625 3454 753 3558 loseph
773 3453 931 3532 medious
958 3465 994 3530 et
1011 3451 1203 3558 professor,
1234 3455 1365 3534 nedum
1394 3483 1437 3535 er
1458 3459 1535 3562 ipsa

373 3577 446 3654 Caii
475 3575 708 3671 confessione,
732 3576 794 3654 sed
821 3577 968 3681 insuper
995 3603 1040 3654 ex
1069 3578 1203 3655 ooulari
1222 3579 1376 3682 partium
1397 3581 1538 3682 genita-

372 3700 464 3777 lium'
486 3701 706 3804 inspectione
733 3699 891 3778 eiusdem
911 3714 946 3778 et
965 3701 1114 3805 pluries,
1145 3713 1181 3778 et
1209 3715 1293 3780 ante
1319 3705 1534 3784 matrimonii

372 3822 661 3917 celebrationem,
693 3835 728 3902 et
747 3824 903 3902 crastiua
931 3824 989 3902 die
1020 3826 1167 3929 primam
1190 3825 1424 3929 subsequenti
1441 3830 1538 3906 eius·

371 3945 451 4024 dem
480 3947 695 4026 matrimonii
715 3963 866 4043 nostem,
885 3949 1059 4028 deliniens
1079 3949 1261 4027 testiculos
1279 3951 1427 4051 exiguos
1457 3975 1535 4029 esse

372 4083 408 4150 et
419 4072 927 4199 fermeatrophospenemque
943 4098 1068 4177 parum
1084 4071 1264 4152 evolutum
1276 4098 1316 4150 ao
1331 4073 1531 4152 llaooidum.

372 4194 440 4272 Sed
468 4192 635 4300 praestat¹
655 4197 798 4274 omuino
827 4197 939 4301 ipsius
968 4193 1075 4274 verba
1104 4196 1254 4274 relerre:
1287 4205 1338 4273 Ha
1357 4199 1536 4276 conomiu-

365 4326 423 4407 'to‚
446 4321 497 4399 sio
524 4322 616 4427 ipse,
645 4322 765 4399 *douae
787 4320 909 4399 Glolio
934 4319 986 4423 fio
1006 4314 1107 4398 dello
1134 4345 1201 4399 ouo
1233 4321 1358 4427 ptimo
1389 4327 1446 4401 etd
1452 4381 1531 4400 .....
