3402 5292
628 521 662 528 -
685 483 741 546 321
767 519 801 527 -

136 617 196 672 reo
224 609 401 675 convento
425 597 604 702 producti.
636 600 682 676 Hi
710 623 845 692 umnec,
864 599 1121 702 praerogativis
1148 596 1301 703 praediti

136 717 180 796 ad
211 717 317 796 fidem
337 719 372 800 in
383 719 519 799 iudicio
534 721 749 816 faciendam,
769 723 863 801 inter
878 748 915 800 se
931 725 1124 802 concinunt
1139 722 1182 800 de
1202 733 1303 800 unte·-

135 841 270 920 cedenti
285 844 433 928 comani
460 845 668 950 impotentia
688 847 774 940 Caii,
797 845 841 923 de
858 845 1075 924 matrimonii
1099 848 1304 924 inconsum-

134 965 303 1062 mationc,
322 966 366 1044 de
381 969 563 1062 conviciis,
584 970 726 1047 iniuriis
741 995 783 1047 ao
798 969 972 1063 saevitiis
992 995 1105 1074 eaque
1121 981 1301 1049 testantur

133 1089 190 1168 rel
205 1113 248 1166 err
263 1089 356 1168 iacto
370 1093 547 1195 personali
576 1107 640 1172 aut
667 1094 770 1197 quasi
791 1093 982 1198 personali,
1001 1091 1056 1171 rel
1076 1117 1119 1170 en
1142 1095 1301 1196 aegritu-

134 1210 219 1292 dine
246 1226 282 1291 ct
301 1239 431 1316 angore
447 1215 555 1294 animi
583 1213 736 1294 familiae
761 1218 887 1310 Iuliae,
920 1241 1000 1295 cum
1027 1241 1099 1320 qua
1128 1217 1183 1296 vel
1216 1241 1299 1298 cum

134 1339 382 1417 communibus
393 1340 517 1419 amicis
526 1340 801 1420 familiaritatem
817 1341 1013 1436 habebant,
1029 1341 1083 1419 vel
1095 1366 1138 1418 er
1155 1339 1298 1445 publica

135 1459 241 1556 fama,
273 1463 430 1568 quaein
459 1465 575 1569 patria
603 1463 791 1569 utriusque
820 1465 981 1566 coniugis
1013 1477 1049 1542 et
1077 1463 1164 1541 alibi
1193 1465 1298 1566 longe

135 1583 278 1689 lateque
307 1585 450 1682 didusa,
482 1586 574 1666 iacta
598 1591 667 1667 iam
695 1587 812 1666 iuerat
840 1589 951 1668 veluti
979 1587 1103 1666 tritum
1132 1611 1294 1667 sermone

135 1708 379 1809 proverbium.

215 1841 279 1911 20.
311 1837 356 1912 Et
384 1847 425 1912 ut
444 1833 563 1939 aliqua
583 1836 729 1940 propius
749 1859 857 1941 super
877 1835 1080 1915 huiusmodi
1108 1836 1297 1941 multiplici

135 1955 369 2061 concordique
389 1959 591 2059 testimonio
607 1959 817 2054 delibemus,
837 1959 1191 2038 animadvertendum
1210 1959 1298 2066 quid

134 2078 307 2183 imprimis
322 2095 432 2160 testes
441 2083 619 2195 septimae
634 2109 760 2172 manus
770 2083 1014 2189 deposuerint.
1029 2083 1074 2160 Hi
1086 2095 1170 2160 sunt
1182 2083 1295 2162 Iuliae

134 2219 236 2309 pater
263 2220 298 2285 et
325 2221 452 2302 mater,
484 2209 659 2287 Henrious
679 2208 837 2287 eiusdem
866 2208 1079 2302 avunculus
1103 2208 1297 2286 Ianuarius

134 2327 289 2410 familiae
316 2330 524 2426 advocatus,
556 2333 698 2411 Gabriel
728 2346 763 2411 et
791 2334 995 2412 Matthaeus
1014 2345 1165 2438 uterque
1194 2333 1298 2412 iami-

135 2451 202 2532 iiaa
233 2456 381 2550 amicus,
413 2455 623 2557 Magdaiena
651 2460 739 2536 artis
765 2481 854 2535 suae
882 2459 1021 2536 ratione
1054 2457 1167 2534 eidem
1195 2455 1298 2534 iami-

133 2577 202 2656 liae
229 2577 435 2682 frequenter
471 2577 627 2657 addicta.
659 2583 737 2657 Duo
764 2583 932 2684 postremi
970 2593 1081 2659 testes
1109 2579 1297 2659 substituti

133 2701 279 2780 inerunt
306 2701 447 2781 duobus
474 2701 628 2780 familiae
661 2703 733 2781 Caii
771 2703 986 2796 domesticis,
1018 2729 1143 2810 nempe
1184 2709 1299 2783 Euse-

133 2825 213 2903 biae
241 2840 278 2905 et
306 2827 448 2921 Catulli,
479 2829 612 2931 quippe
649 2829 725 2931 qui,
757 2840 797 2904 ut
825 2851 869 2904 err
897 2827 987 2904 actis
1025 2828 1110 2905 satis
1140 2840 1293 2924 constat,

132 2949 203 3027 doli
231 2975 272 3027 ac
300 2952 447 3054 periurii
475 2951 526 3028 rei
554 2949 723 3028 censendi
751 2963 848 3028 suut.
882 2949 938 3027 Illi
967 2949 1076 3052 igitur
1090 2964 1226 3055 septem
1243 2963 1298 3028 te·

132 3087 219 3168 stes,
264 3074 411 3152 seorsim
453 3074 660 3167 examinati,
692 3071 816 3151 audito
852 3072 972 3150 libello
1001 3097 1042 3150 ac
1070 3071 1292 3177 depositione

131 3198 286 3292 actricis,
326 3224 397 3276 uno
433 3221 493 3276 ore
522 3198 714 3288 affirmant,
759 3197 982 3274 verissimum
1022 3221 1100 3274 esse
1128 3196 1164 3273 id
1193 3223 1297 3276 omne

130 3320 227 3425 quod
255 3321 348 3398 Iulia
377 3320 556 3424 deposuit,
588 3324 691 3400 immo
720 3323 839 3425 potius
867 3319 1101 3398 verecundiae
1129 3344 1237 3398 causa
1253 3320 1298 3398 ti-

129 3449 318 3528 mitatione
345 3471 523 3551 poetasse,
555 3471 663 3550 quam
700 3445 941 3550 ampiiatione.
977 3449 1027 3522 De
1056 3444 1220 3522 omnibus
1247 3443 1297 3523 si-

129 3573 277 3678 quidem
305 3597 346 3650 ac
372 3571 650 3676 particularibus
678 3569 795 3665 faccia,
826 3595 918 3675 quae
946 3569 1040 3648 domi
1060 3570 1133 3647 Caii
1153 3569 1297 3646 evenie-

127 3700 234 3790 bant,
257 3696 502 3801 quotidianam
521 3694 593 3774 iere
613 3695 776 3773 notitiam
796 3693 984 3788 habentes,
1012 3692 1295 3796 exploratissima

126 3824 249 3900 omnia
267 3820 414 3899 moralia
434 3831 644 3922 argumenta
664 3819 824 3896 sentiunt
845 3831 966 3896 entare
986 3817 1021 3894 in
1042 3841 1140 3910 casu,
1163 3816 1295 3920 quibus

124 3945 312 4025 moraliter
340 3955 493 4036 constet,
516 3941 778 4022 matrimonium
798 3965 980 4044 nunquam
1001 3940 1111 4018 fuisse
1131 3963 1296 4018 consum-

124 4082 266 4148 matum
287 4068 330 4146 ob
349 4079 563 4172 compertam
581 4065 649 4144 viri
668 4065 926 4169 impotentiam.
950 4067 1025 4152 Ouo
1044 4063 1087 4141 ad
1108 4066 1295 4171 cont'muas

122 4217 213 4271 vero
247 4217 339 4296 quas
366 4191 493 4268 mulier
521 4204 596 4270 tum
624 4215 644 4265 a
673 4213 775 4266 socru
805 4201 881 4267 tum
910 4215 930 4265 a
973 4188 1048 4266 viro
1089 4188 1294 4292 patiebatur

120 4317 314 4406 saevitias,
345 4339 482 4393 omnem
510 4314 693 4419 physicam
722 4313 971 4392 certitudinem
1004 4312 1127 4394 haberi
1155 4325 1296 4391 testan-

119 4459 202 4524 tur.
236 4440 338 4519 Unde
366 4453 522 4543 arguunt
553 4439 629 4518 fieri
658 4435 866 4516 nuliatenus
894 4463 997 4542 posse
1032 4449 1070 4515 ut
1099 4435 1293 4540 aliquando

179 4565 324 4608 mansuum.
341 4561 373 4606 De
387 4559 584 4619 Impedt'mentis.
1214 4560 1240 4603 21
