3456 5300
657 480 835 542 —ldd-

158 599 259 679 lioam
289 601 430 698 Sodem,
460 603 599 708 possint
626 629 806 687 saererum
835 603 1023 682 Antistites
1051 601 1188 681 iudioia.
1209 601 1320 696 ferre3

157 725 211 804 rel
231 726 376 831 quidem
396 731 426 806 si
446 728 491 806 ad
511 753 588 808 eum
608 729 862 810 recurrendum
882 727 943 824 sit,
965 740 1084 806 status
1102 724 1324 832 quaestionis

158 855 209 931 ita
238 851 393 930 dilucide
427 866 639 958 exponatur,
670 867 713 938 ut
739 853 889 956 longiori
917 877 1014 932 mora
1049 850 1213 956 impediri
1242 874 1326 928 sen-

156 975 271 1056 tentia
300 1001 371 1054 non
400 975 543 1057 debeat.
567 1023 590 1038 -
611 977 751 1059 Seilioot
772 975 926 1056 traditur
945 973 1121 1080 quomodo
1139 971 1324 1078 probanda

156 1102 202 1180 sit
230 1102 392 1204 oouiugis
419 1127 512 1180 mors
540 1125 603 1208 per
632 1101 877 1184 authenticum
904 1100 1024 1180 obitus
1056 1101 1321 1194 documentum,

156 1226 212 1304 vel
242 1251 306 1331 per
333 1225 479 1306 testium
508 1225 761 1332 depositioneS,
795 1225 849 1303 rel
870 1249 933 1330 per
954 1225 1062 1302 unius
1082 1224 1325 1302 testimonium

157 1350 286 1428 oeteris
314 1350 458 1445 innotis,
491 1351 545 1430 vel
574 1350 618 1430 de
637 1349 779 1442 auditu,
801 1347 872 1442 rel,
895 1347 1131 1427 hisomnibus
1158 1346 1327 1426 delinien-

157 1473 270 1568 tibus,
288 1499 332 1552 ex
348 1473 575 1569 eonieotnriS,
597 1471 962 1579 praesumptionibus,
986 1471 1126 1550 indioiis
1146 1485 1182 1551 et
1197 1469 1327 1550 adiun-

157 1596 225 1674 otis
253 1596 519 1700 urgentioribus
547 1611 584 1676 et
610 1596 774 1702 propiore
803 1619 899 1674 nexu
927 1619 1007 1674 oum
1027 1595 1186 1674 ¹veritate
1202 1595 1326 1673 mortis

157 1722 372 1814 ooniunotis,
403 1721 459 1800 vel
487 1745 531 1800 er
550 1719 642 1800 lama
662 1721 742 1798 aliis
762 1719 885 1798 adiuta
905 1717 1145 1812 adminioulis,
1169 1717 1225 1828 vel
1245 1731 1327 1796 tan-

158 1841 235 1922 dem
265 1845 540 1946 investigatione
569 1869 632 1950 per
660 1842 822 1948 puhlioas
849 1841 1094 1948 ephemerides
1123 1841 1138 1948 (
1168 1839 1197 1944 ).

239 1975 302 2046 10.
335 1971 481 2046 Praeter
513 1967 722 2046 alterutrius
750 1966 911 2068 coniugis
948 1975 1111 2051 mortem,
1143 1965 1326 2044 vinoulum

157 2087 390 2184 matrimonii,
430 2089 547 2167 valide
584 2087 727 2194 quidem
766 2089 860 2168 inter
897 2087 1021 2168 fideles
1053 2091 1224 2167 eontraoti
1262 2113 1326 2166 seu
1364 2142 1367 2150 -

159 2211 233 2288 reti
260 2211 321 2290 sed
352 2211 507 2290 nortdnm
539 2211 789 2298 consummati,
819 2211 936 2290 dirimi
970 2225 1087 2316 potest
1118 2222 1154 2290 1⁰
1181 2237 1244 2316 per
1272 2237 1329 2288 so-

158 2332 307 2412 lemnem
345 2333 527 2439 relipionis
555 2335 810 2441 professionem
844 2331 1056 2414 alterutrius
1094 2335 1271 2438 coniugis,
1303 2379 1327 2394 -

158 2466 193 2535 2⁰
221 2483 286 2562 per
315 2460 442 2538 summi
471 2459 656 2538 Pontifiois.
680 2457 991 2566 dispensationem.

240 2591 303 2660 ll.
335 2587 386 2662 De
416 2583 525 2688 priori
540 2583 677 2662 ratione
697 2598 814 2664 ratum
834 2579 1023 2662 dirin‘rendi
1042 2579 1244 2684 coniugium
1265 2604 1328 2684 per

156 2706 351 2786 solemnem
378 2706 560 2809 religionis
578 2707 847 2812 professionem,
866 2709 903 2785 in
919 2705 1148 2813 praecedenti
1175 2705 1327 2784 artioulo

154 2829 223 2907 iam
259 2829 348 2908 satis
385 2843 504 2910 artum
536 2841 603 2910 est.
645 2830 697 2908 td
729 2831 876 2911 alteram
910 2846 1029 2910 autem
1063 2829 1159 2935 quod
1197 2829 1327 2910 attinet

157 2959 331 3034 rationem
368 2957 437 3034 rati
476 2955 630 3058 noningii
669 2955 850 3034 rinoulum
888 2955 1063 3050 solvendi,
1094 2953 1231 3033 seilioet
1262 2979 1326 3060 per

157 3080 284 3157 summi
314 3079 449 3158 romani
477 3079 658 3159 Pontifiois
687 3079 1003 3186 dispensationem,
1032 3079 1075 3158 de
1095 3080 1197 3158 euius
1225 3091 1328 3184 pote-

158 3215 250 3280 state
278 3201 452 3282 eiusmodi
480 3203 766 3308 dispensationes
792 3203 1012 3283 consedendi
1039 3201 1328 3282 neminieatho-

157 3323 306 3404 lioorum
336 3326 407 3404 iam
443 3325 610 3404 dubitare
642 3325 696 3404 las
723 3339 779 3405 est
807 3325 881 3432 (2),
914 3325 986 3405 duo
1018 3327 1241 3432 potissimum
1271 3352 1328 3405 re-

158 3450 371 3550 quiruntur:
405 3458 442 3526 1⁰
468 3461 509 3528 ut
537 3461 633 3529 serto
653 3461 790 3528 constet
809 3447 853 3528 de
872 3475 944 3528 non
967 3463 1089 3530 seouta
1108 3447 1327 3527 matrimonii

159 3569 482 3664 consummatione3
505 3613 529 3628 -
551 3578 588 3648 2⁰
615 3581 657 3648 ut
685 3569 780 3648 adsit
807 3570 901 3650 iusta
931 3585 966 3650 et
996 3571 1114 3673 gravis
1141 3569 1328 3675 dispensa-

162 3693 268 3770 tionis
297 3690 543 3773 noneedendae
571 3717 678 3772 eausa
707 3692 723 3798 (
751 3691 781 3796 ).

231 3865 268 3939 (1)
289 3867 337 3924 clr
355 3867 528 3938 praedictam
547 3869 772 3924 instructionem
791 3868 821 3922 in
840 3865 1003 3938 Appendiee
1021 3871 1049 3922 8.

229 3959 267 4028 lt)
287 3957 427 4014 Benedtet.
449 3959 520 4024 xlv,
540 3965 649 4030 qnomt.
675 3973 743 4015 oen.
762 3962 796 4012 24
818 3957 932 4014 scribit:
955 3959 1024 4013 «tte
1048 3956 1156 4012 summi
1182 3955 1327 4012 Pontificio

159 4052 296 4116 potestate
315 4047 345 4102 in
365 4047 558 4118 dispensando
583 4059 670 4117 super
689 4046 874 4102 matrimonio
899 4053 968 4102 rato
985 4050 1012 4101 et
1030 4059 1090 4102 non
1114 4049 1324 4111 consummato,

158 4135 234 4192 nulla
255 4141 298 4192 est
319 4134 347 4190 ln
368 4135 429 4191 loro
448 4143 475 4192 et
488 4135 518 4190 in
534 4134 615 4206 praxi
634 4134 799 4206 disputatio,
817 4141 844 4190 et
857 4133 916 4190 sola
937 4133 1131 4190 controversia
1147 4131 1246 4188 reduci
1260 4145 1326 4188 oon-

159 4223 250 4280 snerit
268 4223 304 4278 ad
323 4235 452 4290 contem,
475 4237 512 4279 an
531 4223 606 4280 adsit
623 4223 755 4280 videlieet
773 4235 859 4278 eausa
874 4221 1021 4276 suffloleus
1042 4235 1092 4291 pro
1112 4221 1161 4277 tall
1182 4221 1328 4291 dispensa-

157 4307 233 4364 tione
252 4307 431 4364 comedenda
448 4329 472 4363 s.
490 4311 522 4363 Et
536 4307 611 4364 hane
628 4306 787 4364 doetrinam
808 4306 884 4362 idem
898 4303 1037 4372 Pontifex,
1051 4306 1221 4362 constitutus
1236 4305 1264 4361 in
1277 4305 1328 4360 mi-

160 4397 289 4464 neritus,
312 4397 368 4452 tam
388 4396 500 4453 dixerat
519 4396 631 4452 notorie
650 4407 833 4452 communem
852 4407 915 4450 esse
944 4393 1017 4450 luter
1036 4393 1182 4465 theologos
1200 4400 1227 4450 et
1245 4407 1327 4450 eano-

160 4479 260 4536 nistas.
282 4480 353 4536 Vide
372 4487 483 4552 quaest.
504 4495 569 4537 son.
590 4485 641 4536 4⁷9
661 4487 688 4535 et
707 4485 768 4536 tos.

231 4563 267 4636 (3)
286 4565 362 4621 Haeo
380 4564 447 4621 satis
466 4564 632 4622 elucubrata
652 4563 740 4621 habes
760 4563 789 4620 ln
809 4564 896 4622 huius
916 4563 1010 4636 operis
1026 4570 1109 4636 port.
1123 4569 1149 4622 t.
1170 4563 1326 4636 discepto
