3424 5300
657 535 689 548 ..
715 497 770 566 133
791 535 828 550 ..

160 625 277 708 licium
314 625 509 708 defensoris
546 627 762 706 matrimonii
796 623 1025 732 explendum,
1065 619 1323 702 sententiarum

162 751 317 858 deniqne
346 753 499 831 valorem
527 765 562 831 et
590 751 754 833 ellectum
783 751 891 832 edicit
918 765 954 830 et
982 749 1096 828 sancit
1124 747 1199 855 (1).

241 886 277 955 2.
311 875 362 954 tu
391 877 478 955 baec
506 889 625 956 entem
658 875 893 970 enucleanda,
933 899 1033 954 sacra
1062 872 1206 951 Concilii
1235 876 1326 950 Con-

164 1005 321 1108 gregatio
348 1003 617 1082 instructionem
645 1001 758 1081 edidit
786 999 842 1078 dic
872 1009 920 1079 22
950 1001 1094 1102 augusti
1122 1023 1182 1075 an.
1204 1005 1320 1091 1840,

161 1155 232 1235 qua
259 1141 424 1206 accurata
460 1127 614 1206 traditur
651 1125 840 1206 methodus
866 1149 930 1231 pro
958 1119 1127 1204 canonica
1156 1134 1315 1202 actorum

162 1252 379 1334 coniectione
407 1253 627 1334 iudicialium
655 1277 718 1332 seu
747 1277 934 1359 processus
952 1252 990 1330 in
1009 1250 1127 1330 causis
1141 1247 1324 1328 matrimo-

163 1377 319 1456 nialibus
347 1377 420 1484 (2).
454 1382 519 1456 Per
546 1403 624 1458 eam
652 1401 804 1482 namque
824 1390 900 1456 tum
919 1375 1180 1454 ecclesiasticus
1198 1372 1323 1459 iodea,

163 1515 238 1581 tum
266 1501 516 1591 concellarius,
553 1515 628 1582 tuto
657 1499 924 1580 sacramentalis
962 1497 1094 1580 vinculi
1131 1523 1174 1578 ert
1207 1497 1321 1577 officio

163 1628 323 1732 defensor
350 1631 539 1735 praecipua
567 1653 652 1733 prae
680 1625 846 1706 manibus
873 1624 1021 1720 babent,
1052 1649 1144 1730 quae
1172 1623 1217 1701 ab
1239 1623 1326 1729 ipsis

163 1753 297 1832 servari
326 1752 457 1832 debent
484 1753 559 1832 sive
586 1765 628 1832 ui
654 1775 775 1831 eorum
803 1751 955 1856 quisque
983 1748 1126 1855 proprio
1153 1747 1324 1852 iungatur

163 1901 323 1973 munere,
354 1877 429 1955 sive
458 1901 502 1955 ne
529 1889 608 1956 acta
637 1877 714 1980 ipsa
743 1874 923 1954 iudicialis
951 1873 1129 1952 nullitatis
1156 1873 1243 1951 vitio
1272 1887 1327 1952 ta-

163 2000 325 2096 bescant,
358 1999 544 2080 deficiente
576 1999 786 2106 praesertim
819 1999 949 2100 iugalis
976 1997 1108 2076 vinculi
1141 1995 1327 2076 defensore

164 2127 200 2204 in
230 2125 288 2220 iis,
318 2151 409 2231 qnae
438 2125 482 2204 ad
512 2121 669 2204 actorum
697 2123 948 2204 sustinendum
981 2121 1134 2200 valorem
1163 2122 1200 2199 in
1218 2123 1326 2200 citata

165 2252 424 2331 Constitutione
451 2249 744 2358 praescribuntur
772 2248 788 2356 (
816 2247 847 2354 ).

244 2374 344 2466 Quod
372 2376 402 2454 si
431 2374 476 2454 ob
502 2373 673 2468 locorum,
704 2387 916 2478 temporum,
947 2395 1178 2478 personarum
1199 2369 1329 2448 adinn-

164 2515 221 2580 cta
250 2499 326 2579 fieri
354 2513 523 2604 nequeat,
554 2513 596 2578 nt
623 2497 787 2577 accurate
816 2499 932 2576 omnia
959 2509 997 2575 et
1015 2495 1154 2600 singula
1182 2519 1329 2575 serven-

164 2640 223 2704 tur
250 2651 342 2731 quae
371 2625 407 2702 in
435 2625 544 2704 citata
571 2621 804 2732 benedictina
832 2619 1327 2728 praescribunturConstitu-

163 2751 273 2845 tione,
312 2748 466 2828 obtineri
502 2750 633 2853 poterit
670 2750 786 2851 Papae
820 2746 1039 2852 dispensatio
1075 2743 1120 2822 ab
1157 2753 1322 2821 accurata

163 2873 355 2952 eorundem
383 2871 609 2952 observantia
629 2869 703 2978 (i),
727 2872 764 2948 in
779 2869 1070 2948 substantialibus
1091 2880 1231 2947 tantum
1246 2892 1322 2946 ser-

163 2999 279 3078 vanda
308 2999 353 3078 ad
385 2999 570 3078 veritatem
603 2995 811 3090 eruendam,
843 3007 885 3074 et
906 2995 950 3074 iis
986 2993 1196 3102 praesertim
1233 3017 1326 3096 qnae

164 3125 208 3204 ad
237 3123 433 3204 defensoris
461 3123 641 3228 pertinent
669 3145 812 3198 munus.

244 3262 282 3331 3.
313 3259 365 3330 De
391 3247 809 3366 consectiooepruoessus
836 3244 1030 3326 iudicialis.
1053 3243 1233 3334 Quaedam
1262 3269 1327 3322 an-

232 3539 271 3613 (1)
293 3537 361 3596 vtio
380 3538 454 3594 hanc
471 3537 590 3592 Cureti-t.
611 3531 683 3589 intra
704 3533 734 3589 in
753 3531 913 3606 ippmdicc
932 3537 966 3586 4¹.

234 3629 274 3701 (2)
293 3627 363 3686 vide
382 3627 457 3684 banc
473 3624 699 3684 instructionem
717 3621 792 3682 inira
812 3623 841 3680 in
860 3621 1024 3695 Appendicc
1042 3626 1079 3682 ἲ.

232 3715 271 3788 (3)
291 3715 405 3772 coeit.
428 3715 522 3770 const.
542 3711 592 3784 SS.
614 3715 714 3766 5-6-7.
1324 3769 1326 3776 Ι

232 3804 269 3880 (tt
289 3807 427 3874 Suprema
447 3803 475 3857 S·
496 3803 527 3858 0.
548 3800 733 3872 congregatio
761 3799 868 3871 passim
893 3799 1038 3870 dispensat
1061 3796 1096 3853 ab
1122 3799 1251 3852 accurata
1271 3793 1320 3850 cit.

162 3895 255 3951 Const-
278 3889 470 3956 observantia,
490 3896 607 3944 renutu
626 3895 724 3944 mmm
742 3887 777 3945 iu
794 3886 1055 3952 substantialibus,
1088 3883 1255 3956 praesertim
1275 3895 1326 3952 pro

163 3980 290 4041 iudiciali
314 3977 491 4036 conficiendo
518 3989 652 4048 processu
670 3975 745 4048 apud
765 3977 932 4034 orientales.
955 3976 987 4033 id
1007 3981 1101 4032 anmm
1131 3971 1229 4044 probat
1248 3969 1324 4042 quod

163 4071 247 4129 etiam
266 4069 424 4127 orientales
444 4065 477 4122 ad
498 4065 576 4122 illius
595 4064 811 4123 constitutionis
824 4064 1034 4123 observantiam
1049 4070 1194 4126 tenentur,
1209 4065 1241 4116 ut
1259 4073 1324 4115 con·

164 4165 217 4218 stat
235 4159 322 4216 etiarn
341 4172 378 4215 ex
396 4153 636 4214 declarationibus
656 4157 684 4210 s.
699 4156 729 4210 C.
750 4154 905 4212 christiano
919 4155 1028 4212 nomini
1045 4150 1228 4224 propagando
1248 4161 1325 4220 prae·

165 4250 281 4320 positae.
297 4277 316 4286 -
328 4249 460 4306 Ceterum
485 4251 662 4314 compertum
688 4241 823 4302 omnibus
842 4252 893 4314 est,
915 4243 1077 4302 Pontificius
1096 4239 1325 4304 constitutiones

166 4349 237 4405 quae
256 4335 293 4392 ad
313 4335 397 4391 tidem
416 4349 449 4390 ac
468 4347 560 4390 mores
587 4332 717 4400 attinent,
743 4333 885 4404 quidquid
905 4334 942 4390 sit
960 4332 995 4390 de
1014 4329 1123 4398 ceteris,
1145 4327 1179 4385 ad
1199 4325 1326 4383 Orienta-

166 4423 207 4481 les
226 4423 310 4481 etiam
332 4423 468 4481 Ecclesiae
487 4420 612 4480 extendi.
632 4421 710 4476 Inter
729 4419 781 4478 has
793 4435 862 4479 veru
874 4431 1039 4480 accensetur
1051 4419 1134 4484 citata
1147 4413 1251 4475 Bened-
1266 4413 1327 4472 xlv

168 4513 273 4582 Consi..
297 4519 328 4570 ut
346 4519 431 4584 patet.
