<?xml version="1.0" encoding="UTF-8"?>
<!DOCTYPE html PUBLIC "-//W3C//DTD XHTML 1.0 Transitional//EN"
    "http://www.w3.org/TR/xhtml1/DTD/xhtml1-transitional.dtd">
<html xmlns="http://www.w3.org/1999/xhtml" xml:lang="en" lang="en">
 <head>
  <title>
</title>
<meta http-equiv="Content-Type" content="text/html;charset=utf-8" />
  <meta name='ocr-system' content='tesseract 3.04.00' />
  <meta name='ocr-capabilities' content='ocr_page ocr_carea ocr_par ocr_line ocrx_word'/>
</head>
<body>
  <div class='ocr_page' id='page_1' title='image "./deimpedimentism00mansgoog_0045.png"; bbox 0 0 3444 5302; ppageno 0'>
   <div class='ocr_carea' id='block_1_1' title="bbox 900 437 1055 498">
    <p class='ocr_par' dir='ltr' id='par_1_1' title="bbox 900 437 1055 498">
     <span class='ocr_line' id='line_1_1' title="bbox 900 437 1055 498; baseline -0.013 -14"><span class='ocrx_word' id='word_1_1' title='bbox 900 437 1055 498; x_wconf 72' lang='lat'>..26-</span> 
     </span>
    </p>
   </div>
   <div class='ocr_carea' id='block_1_2' title="bbox 321 555 1705 4152">
    <p class='ocr_par' dir='ltr' id='par_1_2' title="bbox 396 555 1557 788">
     <span class='ocr_line' id='line_1_2' title="bbox 397 555 1557 664; baseline -0.001 -27"><span class='ocrx_word' id='word_1_2' title='bbox 397 557 541 664; x_wconf 90' lang='lat' dir='ltr'>utrique</span> <span class='ocrx_word' id='word_1_3' title='bbox 568 559 670 637; x_wconf 79' lang='lat' dir='ltr'>sexui</span> <span class='ocrx_word' id='word_1_4' title='bbox 688 575 882 637; x_wconf 80' lang='lat' dir='ltr'>&#39;commune</span> <span class='ocrx_word' id='word_1_5' title='bbox 910 572 978 653; x_wconf 91' lang='lat' dir='ltr'>est,</span> <span class='ocrx_word' id='word_1_6' title='bbox 1014 557 1070 638; x_wconf 82' lang='lat' dir='ltr'>vel</span> <span class='ocrx_word' id='word_1_7' title='bbox 1103 583 1146 638; x_wconf 81' lang='lat' dir='ltr'>ex</span> <span class='ocrx_word' id='word_1_8' title='bbox 1183 555 1421 652; x_wconf 73' lang='lat' dir='ltr'>castratione,</span> <span class='ocrx_word' id='word_1_9' title='bbox 1461 555 1557 662; x_wconf 86' lang='lat' dir='ltr'>quod</span> 
     </span>
     <span class='ocr_line' id='line_1_3' title="bbox 396 682 777 788; baseline 0 -29"><span class='ocrx_word' id='word_1_10' title='bbox 396 685 473 762; x_wconf 87' lang='lat' dir='ltr'>viro</span> <span class='ocrx_word' id='word_1_11' title='bbox 501 682 681 788; x_wconf 86' lang='lat' dir='ltr'>proprium</span> <span class='ocrx_word' id='word_1_12' title='bbox 709 696 777 761; x_wconf 90' lang='lat' dir='ltr'>est.</span> 
     </span>
    </p>

    <p class='ocr_par' dir='ltr' id='par_1_3' title="bbox 321 802 1560 1776">
     <span class='ocr_line' id='line_1_4' title="bbox 477 802 1557 911; baseline -0.004 -27"><span class='ocrx_word' id='word_1_13' title='bbox 477 815 531 884; x_wconf 73' lang='lat'>2⁰.</span> <span class='ocrx_word' id='word_1_14' title='bbox 562 803 731 884; x_wconf 78' lang='lat' dir='ltr'><em>Absoluta</em></span> <span class='ocrx_word' id='word_1_15' title='bbox 758 806 813 884; x_wconf 85' lang='lat' dir='ltr'>rei</span> <span class='ocrx_word' id='word_1_16' title='bbox 842 804 1051 911; x_wconf 82' lang='lat' dir='ltr'><strong><em>respectiva.</em></strong></span> <span class='ocrx_word' id='word_1_17' title='bbox 1083 805 1298 907; x_wconf 89' lang='lat' dir='ltr'>Impotentia</span> <span class='ocrx_word' id='word_1_18' title='bbox 1326 803 1372 883; x_wconf 90' lang='lat' dir='ltr'>ad</span> <span class='ocrx_word' id='word_1_19' title='bbox 1396 802 1557 908; x_wconf 88' lang='lat' dir='ltr'>copulam</span> 
     </span>
     <span class='ocr_line' id='line_1_5' title="bbox 397 928 1560 1033; baseline -0.003 -23"><span class='ocrx_word' id='word_1_20' title='bbox 397 930 528 1010; x_wconf 90' lang='lat' dir='ltr'>dicitur</span> <span class='ocrx_word' id='word_1_21' title='bbox 556 929 719 1010; x_wconf 86' lang='lat' dir='ltr'>absoluta</span> <span class='ocrx_word' id='word_1_22' title='bbox 746 953 857 1033; x_wconf 92' lang='lat' dir='ltr'>quum</span> <span class='ocrx_word' id='word_1_23' title='bbox 877 928 1009 1008; x_wconf 79' lang='lat' dir='ltr'>existit</span> <span class='ocrx_word' id='word_1_24' title='bbox 1027 929 1121 1008; x_wconf 91' lang='lat' dir='ltr'>inter</span> <span class='ocrx_word' id='word_1_25' title='bbox 1149 929 1263 1007; x_wconf 89' lang='lat' dir='ltr'>virum</span> <span class='ocrx_word' id='word_1_26' title='bbox 1284 941 1320 1007; x_wconf 91' lang='lat' dir='ltr'>et</span> <span class='ocrx_word' id='word_1_27' title='bbox 1339 953 1460 1007; x_wconf 93' lang='lat' dir='ltr'>omnes</span> <span class='ocrx_word' id='word_1_28' title='bbox 1477 953 1560 1006; x_wconf 89' lang='lat' dir='ltr'>mn-</span> 
     </span>
     <span class='ocr_line' id='line_1_6' title="bbox 396 1051 1558 1146; baseline -0.005 -12"><span class='ocrx_word' id='word_1_29' title='bbox 396 1051 523 1146; x_wconf 77' lang='lat' dir='ltr'>liereS,</span> <span class='ocrx_word' id='word_1_30' title='bbox 564 1067 600 1132; x_wconf 89' lang='lat' dir='ltr'>et</span> <span class='ocrx_word' id='word_1_31' title='bbox 628 1053 808 1132; x_wconf 85' lang='lat' dir='ltr'>vioeversa</span> <span class='ocrx_word' id='word_1_32' title='bbox 836 1053 930 1131; x_wconf 90' lang='lat' dir='ltr'>inter</span> <span class='ocrx_word' id='word_1_33' title='bbox 965 1052 1148 1132; x_wconf 88' lang='lat' dir='ltr'>mulierem</span> <span class='ocrx_word' id='word_1_34' title='bbox 1185 1065 1221 1130; x_wconf 91' lang='lat' dir='ltr'>et</span> <span class='ocrx_word' id='word_1_35' title='bbox 1257 1075 1379 1130; x_wconf 91' lang='lat' dir='ltr'>omnes</span> <span class='ocrx_word' id='word_1_36' title='bbox 1406 1051 1514 1129; x_wconf 84' lang='lat' dir='ltr'>viros.</span> <span class='ocrx_word' id='word_1_37' title='bbox 1534 1095 1558 1111; x_wconf 88' lang='lat'>-</span> 
     </span>
     <span class='ocr_line' id='line_1_7' title="bbox 396 1174 1558 1284; baseline -0.006 -25"><span class='ocrx_word' id='word_1_38' title='bbox 396 1177 610 1284; x_wconf 83' lang='lat' dir='ltr'>Respeotive</span> <span class='ocrx_word' id='word_1_39' title='bbox 639 1191 869 1282; x_wconf 89' lang='lat' dir='ltr'>nuncupatur</span> <span class='ocrx_word' id='word_1_40' title='bbox 896 1199 938 1255; x_wconf 88' lang='lat' dir='ltr'>ea</span> <span class='ocrx_word' id='word_1_41' title='bbox 966 1201 1059 1281; x_wconf 89' lang='lat' dir='ltr'>quae</span> <span class='ocrx_word' id='word_1_42' title='bbox 1087 1188 1187 1254; x_wconf 82' lang='lat' dir='ltr'>extet</span> <span class='ocrx_word' id='word_1_43' title='bbox 1214 1174 1252 1252; x_wconf 90' lang='lat' dir='ltr'>in</span> <span class='ocrx_word' id='word_1_44' title='bbox 1286 1175 1359 1252; x_wconf 83' lang='lat' dir='ltr'>viro</span> <span class='ocrx_word' id='word_1_45' title='bbox 1392 1185 1558 1279; x_wconf 90' lang='lat' dir='ltr'>respectu</span> 
     </span>
     <span class='ocr_line' id='line_1_8' title="bbox 396 1299 1558 1404; baseline -0.004 -21"><span class='ocrx_word' id='word_1_46' title='bbox 396 1305 653 1382; x_wconf 76' lang='lat' dir='ltr'>determinatae</span> <span class='ocrx_word' id='word_1_47' title='bbox 681 1300 832 1380; x_wconf 84' lang='lat' dir='ltr'>feminae</span> <span class='ocrx_word' id='word_1_48' title='bbox 860 1313 1015 1395; x_wconf 90' lang='lat' dir='ltr'>tantum,</span> <span class='ocrx_word' id='word_1_49' title='bbox 1041 1299 1158 1404; x_wconf 90' lang='lat' dir='ltr'>qualis</span> <span class='ocrx_word' id='word_1_50' title='bbox 1185 1301 1419 1378; x_wconf 91' lang='lat' dir='ltr'>communiter</span> <span class='ocrx_word' id='word_1_51' title='bbox 1446 1313 1500 1378; x_wconf 91' lang='lat' dir='ltr'>est</span> <span class='ocrx_word' id='word_1_52' title='bbox 1520 1300 1558 1378; x_wconf 95' lang='lat' dir='ltr'>in</span> 
     </span>
     <span class='ocr_line' id='line_1_9' title="bbox 321 1423 1560 1530; baseline -0.003 -24"><span class='ocrx_word' id='word_1_53' title='bbox 321 1461 324 1468; x_wconf 95' lang='lat'>·</span> <span class='ocrx_word' id='word_1_54' title='bbox 396 1426 630 1521; x_wconf 85' lang='lat' dir='ltr'>maleficiatis,</span> <span class='ocrx_word' id='word_1_55' title='bbox 664 1425 718 1504; x_wconf 82' lang='lat' dir='ltr'>vel</span> <span class='ocrx_word' id='word_1_56' title='bbox 747 1436 910 1530; x_wconf 90' lang='lat' dir='ltr'>respectu</span> <span class='ocrx_word' id='word_1_57' title='bbox 943 1424 1143 1530; x_wconf 89' lang='lat' dir='ltr'>aliquarum</span> <span class='ocrx_word' id='word_1_58' title='bbox 1176 1423 1404 1520; x_wconf 83' lang='lat' dir='ltr'>feminarum,</span> <span class='ocrx_word' id='word_1_59' title='bbox 1441 1437 1478 1504; x_wconf 92' lang='lat' dir='ltr'>et</span> <span class='ocrx_word' id='word_1_60' title='bbox 1504 1425 1560 1502; x_wconf 86' lang='lat' dir='ltr'>ri-</span> 
     </span>
     <span class='ocr_line' id='line_1_10' title="bbox 397 1547 1557 1654; baseline -0.002 -26"><span class='ocrx_word' id='word_1_61' title='bbox 397 1575 541 1630; x_wconf 83' lang='lat' dir='ltr'>ccversa</span> <span class='ocrx_word' id='word_1_62' title='bbox 568 1549 606 1628; x_wconf 92' lang='lat' dir='ltr'>in</span> <span class='ocrx_word' id='word_1_63' title='bbox 633 1548 780 1627; x_wconf 90' lang='lat' dir='ltr'>muliere</span> <span class='ocrx_word' id='word_1_64' title='bbox 809 1559 972 1654; x_wconf 89' lang='lat' dir='ltr'>respectu</span> <span class='ocrx_word' id='word_1_65' title='bbox 991 1547 1142 1628; x_wconf 90' lang='lat' dir='ltr'>alicuius</span> <span class='ocrx_word' id='word_1_66' title='bbox 1169 1547 1396 1627; x_wconf 89' lang='lat' dir='ltr'>determinati</span> <span class='ocrx_word' id='word_1_67' title='bbox 1416 1547 1483 1626; x_wconf 85' lang='lat' dir='ltr'>viri</span> <span class='ocrx_word' id='word_1_68' title='bbox 1501 1547 1557 1626; x_wconf 90' lang='lat' dir='ltr'>vel</span> 
     </span>
     <span class='ocr_line' id='line_1_11' title="bbox 398 1672 796 1776; baseline -0.005 -26"><span class='ocrx_word' id='word_1_69' title='bbox 398 1672 597 1776; x_wconf 91' lang='lat' dir='ltr'>aliquorum</span> <span class='ocrx_word' id='word_1_70' title='bbox 625 1673 796 1750; x_wconf 90' lang='lat' dir='ltr'>virorum.</span> 
     </span>
    </p>

    <p class='ocr_par' dir='ltr' id='par_1_4' title="bbox 397 1793 1705 2896">
     <span class='ocr_line' id='line_1_12' title="bbox 478 1793 1557 1902; baseline 0.002 -28"><span class='ocrx_word' id='word_1_71' title='bbox 478 1805 531 1874; x_wconf 79' lang='lat'>3⁰.</span> <span class='ocrx_word' id='word_1_72' title='bbox 567 1793 782 1900; x_wconf 84' lang='lat' dir='ltr'>Temporoiis</span> <span class='ocrx_word' id='word_1_73' title='bbox 819 1793 874 1874; x_wconf 91' lang='lat' dir='ltr'>vel</span> <span class='ocrx_word' id='word_1_74' title='bbox 906 1807 1092 1900; x_wconf 84' lang='lat' dir='ltr'>perpetuo.</span> <span class='ocrx_word' id='word_1_75' title='bbox 1128 1795 1345 1902; x_wconf 81' lang='lat' dir='ltr'>Temporalis</span> <span class='ocrx_word' id='word_1_76' title='bbox 1378 1796 1557 1876; x_wconf 90' lang='lat' dir='ltr'>iudicatur</span> 
     </span>
     <span class='ocr_line' id='line_1_13' title="bbox 398 1918 1557 2025; baseline 0.004 -29"><span class='ocrx_word' id='word_1_77' title='bbox 398 1919 620 2025; x_wconf 86' lang='lat' dir='ltr'>impotentia,</span> <span class='ocrx_word' id='word_1_78' title='bbox 652 1943 744 2024; x_wconf 86' lang='lat' dir='ltr'>qnae</span> <span class='ocrx_word' id='word_1_79' title='bbox 772 1918 849 1998; x_wconf 91' lang='lat' dir='ltr'>sine</span> <span class='ocrx_word' id='word_1_80' title='bbox 877 1932 1035 2025; x_wconf 83' lang='lat' dir='ltr'>peceato,</span> <span class='ocrx_word' id='word_1_81' title='bbox 1065 1919 1143 2000; x_wconf 91' lang='lat' dir='ltr'>siue</span> <span class='ocrx_word' id='word_1_82' title='bbox 1175 1921 1274 2023; x_wconf 78' lang='lat' dir='ltr'>gravi</span> <span class='ocrx_word' id='word_1_83' title='bbox 1308 1919 1466 2025; x_wconf 88' lang='lat' dir='ltr'>periculo</span> <span class='ocrx_word' id='word_1_84' title='bbox 1492 1945 1557 2001; x_wconf 91' lang='lat' dir='ltr'>seu</span> 
     </span>
     <span class='ocr_line' id='line_1_14' title="bbox 397 2043 1554 2150; baseline -0.001 -28"><span class='ocrx_word' id='word_1_85' title='bbox 397 2043 525 2122; x_wconf 86' lang='lat' dir='ltr'>damno</span> <span class='ocrx_word' id='word_1_86' title='bbox 553 2043 724 2148; x_wconf 69' lang='lat' dir='ltr'>corporis</span> <span class='ocrx_word' id='word_1_87' title='bbox 755 2044 843 2122; x_wconf 89' lang='lat' dir='ltr'>citra</span> <span class='ocrx_word' id='word_1_88' title='bbox 871 2043 1093 2139; x_wconf 78' lang='lat' dir='ltr'>miraculum,</span> <span class='ocrx_word' id='word_1_89' title='bbox 1123 2069 1305 2150; x_wconf 88' lang='lat' dir='ltr'>peropus</span> <span class='ocrx_word' id='word_1_90' title='bbox 1342 2043 1554 2138; x_wconf 90' lang='lat' dir='ltr'>humanum,</span> 
     </span>
     <span class='ocr_line' id='line_1_15' title="bbox 397 2155 1557 2273; baseline 0.001 -28"><span class='ocrx_word' id='word_1_91' title='bbox 397 2155 531 2246; x_wconf 87' lang='lat' dir='ltr'>scilicet</span> <span class='ocrx_word' id='word_1_92' title='bbox 559 2165 843 2272; x_wconf 77' lang='lat' dir='ltr'>perordinans,</span> <span class='ocrx_word' id='word_1_93' title='bbox 875 2167 985 2263; x_wconf 92' lang='lat' dir='ltr'>licita,</span> <span class='ocrx_word' id='word_1_94' title='bbox 1016 2167 1194 2247; x_wconf 88' lang='lat' dir='ltr'>naturalia</span> <span class='ocrx_word' id='word_1_95' title='bbox 1221 2168 1329 2246; x_wconf 91' lang='lat' dir='ltr'>etiam</span> <span class='ocrx_word' id='word_1_96' title='bbox 1355 2166 1557 2273; x_wconf 88' lang='lat' dir='ltr'>spiritualia</span> 
     </span>
     <span class='ocr_line' id='line_1_16' title="bbox 398 2288 1557 2398; baseline 0.001 -30"><span class='ocrx_word' id='word_1_97' title='bbox 398 2290 553 2370; x_wconf 87' lang='lat' dir='ltr'>remedia</span> <span class='ocrx_word' id='word_1_98' title='bbox 581 2289 713 2370; x_wconf 85' lang='lat' dir='ltr'>auferri</span> <span class='ocrx_word' id='word_1_99' title='bbox 742 2303 858 2396; x_wconf 91' lang='lat' dir='ltr'>potest</span> <span class='ocrx_word' id='word_1_100' title='bbox 886 2289 1185 2398; x_wconf 85' lang='lat' dir='ltr'>(1).-Perpetua</span> <span class='ocrx_word' id='word_1_101' title='bbox 1223 2317 1305 2372; x_wconf 81' lang='lat' dir='ltr'>uero</span> <span class='ocrx_word' id='word_1_102' title='bbox 1333 2317 1375 2371; x_wconf 90' lang='lat' dir='ltr'>ea</span> <span class='ocrx_word' id='word_1_103' title='bbox 1407 2288 1557 2370; x_wconf 88' lang='lat' dir='ltr'>dicenda</span> 
     </span>
     <span class='ocr_line' id='line_1_17' title="bbox 397 2414 1558 2520; baseline 0 -28"><span class='ocrx_word' id='word_1_104' title='bbox 397 2425 451 2492; x_wconf 91' lang='lat' dir='ltr'>est</span> <span class='ocrx_word' id='word_1_105' title='bbox 478 2414 701 2519; x_wconf 87' lang='lat' dir='ltr'>impotentia,</span> <span class='ocrx_word' id='word_1_106' title='bbox 731 2439 825 2518; x_wconf 92' lang='lat' dir='ltr'>quae</span> <span class='ocrx_word' id='word_1_107' title='bbox 853 2427 929 2495; x_wconf 89' lang='lat' dir='ltr'>arte</span> <span class='ocrx_word' id='word_1_108' title='bbox 948 2415 1097 2512; x_wconf 88' lang='lat' dir='ltr'>medica,</span> <span class='ocrx_word' id='word_1_109' title='bbox 1128 2429 1191 2495; x_wconf 84' lang='lat' dir='ltr'>aut</span> <span class='ocrx_word' id='word_1_110' title='bbox 1209 2416 1286 2496; x_wconf 93' lang='lat' dir='ltr'>sine</span> <span class='ocrx_word' id='word_1_111' title='bbox 1306 2415 1476 2494; x_wconf 90' lang='lat' dir='ltr'>miraculo</span> <span class='ocrx_word' id='word_1_112' title='bbox 1495 2439 1558 2520; x_wconf 90' lang='lat' dir='ltr'>per</span> 
     </span>
     <span class='ocr_line' id='line_1_18' title="bbox 397 2536 1705 2645; baseline 0.002 -30"><span class='ocrx_word' id='word_1_113' title='bbox 397 2549 585 2616; x_wconf 87' lang='lat' dir='ltr'>consuetos</span> <span class='ocrx_word' id='word_1_114' title='bbox 613 2536 791 2616; x_wconf 88' lang='lat' dir='ltr'>Ecclesiae</span> <span class='ocrx_word' id='word_1_115' title='bbox 819 2539 1044 2635; x_wconf 80' lang='lat' dir='ltr'>exorcismos,</span> <span class='ocrx_word' id='word_1_116' title='bbox 1076 2553 1139 2618; x_wconf 90' lang='lat' dir='ltr'>aut</span> <span class='ocrx_word' id='word_1_117' title='bbox 1166 2541 1243 2618; x_wconf 89' lang='lat' dir='ltr'>sine</span> <span class='ocrx_word' id='word_1_118' title='bbox 1275 2551 1420 2644; x_wconf 88' lang='lat' dir='ltr'>peccato</span> <span class='ocrx_word' id='word_1_119' title='bbox 1438 2539 1497 2645; x_wconf 84' lang='lat' dir='ltr'>(ut</span> <span class='ocrx_word' id='word_1_120' title='bbox 1514 2538 1559 2616; x_wconf 89' lang='lat' dir='ltr'>il·</span> <span class='ocrx_word' id='word_1_121' title='bbox 1704 2611 1705 2618; x_wconf 16' lang='lat' dir='ltr'>t</span> 
     </span>
     <span class='ocr_line' id='line_1_19' title="bbox 397 2659 1705 2768; baseline 0.002 -30"><span class='ocrx_word' id='word_1_122' title='bbox 397 2660 505 2739; x_wconf 89' lang='lat' dir='ltr'>licitis</span> <span class='ocrx_word' id='word_1_123' title='bbox 532 2659 867 2764; x_wconf 77' lang='lat' dir='ltr'>incantationibus),</span> <span class='ocrx_word' id='word_1_124' title='bbox 900 2676 963 2742; x_wconf 93' lang='lat' dir='ltr'>aut</span> <span class='ocrx_word' id='word_1_125' title='bbox 990 2662 1067 2742; x_wconf 90' lang='lat' dir='ltr'>sino</span> <span class='ocrx_word' id='word_1_126' title='bbox 1096 2662 1193 2765; x_wconf 81' lang='lat' dir='ltr'>gravi</span> <span class='ocrx_word' id='word_1_127' title='bbox 1222 2663 1379 2768; x_wconf 90' lang='lat' dir='ltr'>corporis</span> <span class='ocrx_word' id='word_1_128' title='bbox 1401 2661 1559 2767; x_wconf 83' lang='lat' dir='ltr'>periculo</span> <span class='ocrx_word' id='word_1_129' title='bbox 1704 2685 1705 2740; x_wconf 62' lang='lat' dir='ltr'>t</span> 
     </span>
     <span class='ocr_line' id='line_1_20' title="bbox 398 2769 1705 2896; baseline 0 -35"><span class='ocrx_word' id='word_1_130' title='bbox 398 2783 530 2864; x_wconf 79' lang='lat' dir='ltr'>auferri</span> <span class='ocrx_word' id='word_1_131' title='bbox 558 2784 684 2888; x_wconf 93' lang='lat' dir='ltr'>nequit</span> <span class='ocrx_word' id='word_1_132' title='bbox 712 2783 728 2890; x_wconf 88' lang='lat'>(</span> <span class='ocrx_word' id='word_1_133' title='bbox 755 2781 785 2888; x_wconf 92' lang='lat'>).</span> <span class='ocrx_word' id='word_1_134' title='bbox 1039 2878 1045 2896; x_wconf 36' lang='grc' dir='ltr'>Ι</span> <span class='ocrx_word' id='word_1_135' title='bbox 1597 2792 1600 2800; x_wconf 86' lang='grc'><strong><em>’</em></strong></span> <span class='ocrx_word' id='word_1_136' title='bbox 1704 2769 1705 2792; x_wconf 46' lang='lat'>¹</span> 
     </span>
    </p>

    <p class='ocr_par' dir='ltr' id='par_1_5' title="bbox 395 2907 1559 3262">
     <span class='ocr_line' id='line_1_21' title="bbox 478 2907 1555 3016; baseline 0.003 -30"><span class='ocrx_word' id='word_1_137' title='bbox 478 2917 530 2986; x_wconf 84' lang='lat' dir='ltr'>t⁰.</span> <span class='ocrx_word' id='word_1_138' title='bbox 573 2907 799 2986; x_wconf 82' lang='lat' dir='ltr'>Antecedens·</span> <span class='ocrx_word' id='word_1_139' title='bbox 820 2907 875 2984; x_wconf 83' lang='lat' dir='ltr'>vel</span> <span class='ocrx_word' id='word_1_140' title='bbox 912 2931 1119 3012; x_wconf 84' lang='lat' dir='ltr'>consequens</span> <span class='ocrx_word' id='word_1_141' title='bbox 1155 2908 1287 2990; x_wconf 89' lang='lat' dir='ltr'>dicitur</span> <span class='ocrx_word' id='word_1_142' title='bbox 1323 2911 1555 3016; x_wconf 87' lang='lat' dir='ltr'>impotentia,</span> 
     </span>
     <span class='ocr_line' id='line_1_22' title="bbox 396 3029 1559 3139; baseline 0.004 -29"><span class='ocrx_word' id='word_1_143' title='bbox 396 3045 502 3136; x_wconf 90' lang='lat' dir='ltr'>prout</span> <span class='ocrx_word' id='word_1_144' title='bbox 520 3029 783 3109; x_wconf 92' lang='lat' dir='ltr'>matrimonium</span> <span class='ocrx_word' id='word_1_145' title='bbox 803 3029 997 3135; x_wconf 88' lang='lat' dir='ltr'>praecedit,</span> <span class='ocrx_word' id='word_1_146' title='bbox 1028 3031 1083 3109; x_wconf 91' lang='lat' dir='ltr'>vel</span> <span class='ocrx_word' id='word_1_147' title='bbox 1105 3031 1192 3112; x_wconf 89' lang='lat' dir='ltr'>illud</span> <span class='ocrx_word' id='word_1_148' title='bbox 1221 3032 1467 3139; x_wconf 87' lang='lat' dir='ltr'>subsequitur,</span> <span class='ocrx_word' id='word_1_149' title='bbox 1489 3037 1559 3115; x_wconf 90' lang='lat' dir='ltr'>sci-</span> 
     </span>
     <span class='ocr_line' id='line_1_23' title="bbox 395 3155 1474 3262; baseline 0.004 -30"><span class='ocrx_word' id='word_1_150' title='bbox 395 3155 479 3234; x_wconf 90' lang='lat' dir='ltr'>licet</span> <span class='ocrx_word' id='word_1_151' title='bbox 505 3181 597 3260; x_wconf 91' lang='lat' dir='ltr'>quae</span> <span class='ocrx_word' id='word_1_152' title='bbox 626 3157 833 3261; x_wconf 91' lang='lat' dir='ltr'>supervenit</span> <span class='ocrx_word' id='word_1_153' title='bbox 861 3169 941 3262; x_wconf 89' lang='lat' dir='ltr'>post</span> <span class='ocrx_word' id='word_1_154' title='bbox 969 3155 1094 3235; x_wconf 88' lang='lat' dir='ltr'>initum</span> <span class='ocrx_word' id='word_1_155' title='bbox 1123 3157 1308 3261; x_wconf 81' lang='lat' dir='ltr'>coniugale</span> <span class='ocrx_word' id='word_1_156' title='bbox 1337 3157 1474 3238; x_wconf 83' lang='lat' dir='ltr'>foedus.</span> 
     </span>
    </p>

    <p class='ocr_par' dir='ltr' id='par_1_6' title="bbox 477 3277 1552 3385">
     <span class='ocr_line' id='line_1_24' title="bbox 477 3277 1552 3385; baseline 0.001 -27"><span class='ocrx_word' id='word_1_157' title='bbox 477 3288 529 3358; x_wconf 88' lang='lat'>5⁰.</span> <span class='ocrx_word' id='word_1_158' title='bbox 556 3277 876 3366; x_wconf 73' lang='lat' dir='ltr'>contaminabis,</span> <span class='ocrx_word' id='word_1_159' title='bbox 896 3291 1002 3385; x_wconf 88' lang='lat' dir='ltr'>prout</span> <span class='ocrx_word' id='word_1_160' title='bbox 1021 3293 1089 3375; x_wconf 89' lang='lat' dir='ltr'>est,</span> <span class='ocrx_word' id='word_1_161' title='bbox 1112 3281 1167 3359; x_wconf 87' lang='lat' dir='ltr'>vel</span> <span class='ocrx_word' id='word_1_162' title='bbox 1187 3307 1258 3361; x_wconf 92' lang='lat' dir='ltr'>non</span> <span class='ocrx_word' id='word_1_163' title='bbox 1278 3296 1333 3362; x_wconf 91' lang='lat' dir='ltr'>est</span> <span class='ocrx_word' id='word_1_164' title='bbox 1352 3281 1552 3362; x_wconf 82' lang='lat' dir='ltr'>manifesta.</span> 
     </span>
    </p>

    <p class='ocr_par' dir='ltr' id='par_1_7' title="bbox 395 3403 1557 3886">
     <span class='ocr_line' id='line_1_25' title="bbox 477 3403 1551 3513; baseline 0.006 -32"><span class='ocrx_word' id='word_1_165' title='bbox 477 3413 514 3482; x_wconf 85' lang='lat'>3.</span> <span class='ocrx_word' id='word_1_166' title='bbox 546 3403 684 3494; x_wconf 84' lang='lat' dir='ltr'>Quibus</span> <span class='ocrx_word' id='word_1_167' title='bbox 711 3405 916 3510; x_wconf 90' lang='lat' dir='ltr'>praemissis</span> <span class='ocrx_word' id='word_1_168' title='bbox 953 3403 998 3484; x_wconf 90' lang='lat' dir='ltr'>ad</span> <span class='ocrx_word' id='word_1_169' title='bbox 1031 3404 1280 3485; x_wconf 78' lang='lat' dir='ltr'>diiudicandus</span> <span class='ocrx_word' id='word_1_170' title='bbox 1306 3407 1551 3513; x_wconf 89' lang='lat' dir='ltr'>quaestiones,</span> 
     </span>
     <span class='ocr_line' id='line_1_26' title="bbox 396 3528 1557 3636; baseline 0.001 -27"><span class='ocrx_word' id='word_1_171' title='bbox 396 3529 504 3610; x_wconf 91' lang='lat' dir='ltr'>etad</span> <span class='ocrx_word' id='word_1_172' title='bbox 533 3531 723 3634; x_wconf 89' lang='lat' dir='ltr'>praecipua</span> <span class='ocrx_word' id='word_1_173' title='bbox 752 3528 921 3608; x_wconf 87' lang='lat' dir='ltr'>diluenda</span> <span class='ocrx_word' id='word_1_174' title='bbox 949 3529 1073 3626; x_wconf 90' lang='lat' dir='ltr'>dubia,</span> <span class='ocrx_word' id='word_1_175' title='bbox 1103 3557 1196 3636; x_wconf 92' lang='lat' dir='ltr'>quae</span> <span class='ocrx_word' id='word_1_176' title='bbox 1225 3532 1260 3611; x_wconf 95' lang='lat' dir='ltr'>in</span> <span class='ocrx_word' id='word_1_177' title='bbox 1281 3531 1399 3611; x_wconf 86' lang='lat' dir='ltr'>causis</span> <span class='ocrx_word' id='word_1_178' title='bbox 1420 3531 1463 3611; x_wconf 90' lang='lat' dir='ltr'>de</span> <span class='ocrx_word' id='word_1_179' title='bbox 1482 3559 1557 3610; x_wconf 92' lang='lat' dir='ltr'>ma-</span> 
     </span>
     <span class='ocr_line' id='line_1_27' title="bbox 395 3651 1557 3759; baseline -0.001 -26"><span class='ocrx_word' id='word_1_180' title='bbox 395 3653 552 3733; x_wconf 91' lang='lat' dir='ltr'>trimonii</span> <span class='ocrx_word' id='word_1_181' title='bbox 571 3652 690 3731; x_wconf 85' lang='lat' dir='ltr'>valore</span> <span class='ocrx_word' id='word_1_182' title='bbox 709 3651 754 3732; x_wconf 95' lang='lat' dir='ltr'>ob</span> <span class='ocrx_word' id='word_1_183' title='bbox 774 3652 1016 3757; x_wconf 89' lang='lat' dir='ltr'>impotentiam</span> <span class='ocrx_word' id='word_1_184' title='bbox 1030 3654 1253 3759; x_wconf 88' lang='lat' dir='ltr'>potissimum</span> <span class='ocrx_word' id='word_1_185' title='bbox 1272 3655 1450 3751; x_wconf 89' lang='lat' dir='ltr'>oriuntur,</span> <span class='ocrx_word' id='word_1_186' title='bbox 1470 3655 1557 3736; x_wconf 85' lang='lat' dir='ltr'>been</span> 
     </span>
     <span class='ocr_line' id='line_1_28' title="bbox 397 3775 1439 3886; baseline 0.002 -29"><span class='ocrx_word' id='word_1_187' title='bbox 397 3775 588 3858; x_wconf 90' lang='lat' dir='ltr'>statuenda</span> <span class='ocrx_word' id='word_1_188' title='bbox 617 3789 703 3856; x_wconf 88' lang='lat' dir='ltr'>sunt</span> <span class='ocrx_word' id='word_1_189' title='bbox 729 3801 771 3856; x_wconf 88' lang='lat' dir='ltr'>ae</span> <span class='ocrx_word' id='word_1_190' title='bbox 797 3803 882 3882; x_wconf 88' lang='lat' dir='ltr'>prae</span> <span class='ocrx_word' id='word_1_191' title='bbox 911 3777 1022 3858; x_wconf 90' lang='lat' dir='ltr'>oculis</span> <span class='ocrx_word' id='word_1_192' title='bbox 1050 3778 1214 3858; x_wconf 84' lang='lat' dir='ltr'>habenda</span> <span class='ocrx_word' id='word_1_193' title='bbox 1245 3781 1439 3886; x_wconf 87' lang='lat' dir='ltr'>principia:</span> 
     </span>
    </p>

    <p class='ocr_par' dir='ltr' id='par_1_8' title="bbox 477 3900 1560 4009">
     <span class='ocr_line' id='line_1_29' title="bbox 477 3900 1560 4009; baseline 0.005 -32"><span class='ocrx_word' id='word_1_194' title='bbox 477 3910 514 3979; x_wconf 81' lang='lat' dir='ltr'>t.</span> <span class='ocrx_word' id='word_1_195' title='bbox 549 3900 732 3978; x_wconf 84' lang='lat' dir='ltr'>Primum:</span> <span class='ocrx_word' id='word_1_196' title='bbox 761 3901 974 4006; x_wconf 88' lang='lat' dir='ltr'>impotentia</span> <span class='ocrx_word' id='word_1_197' title='bbox 1001 3902 1221 3991; x_wconf 81' lang='lat' dir='ltr'>antecedens,</span> <span class='ocrx_word' id='word_1_198' title='bbox 1245 3914 1419 4009; x_wconf 86' lang='lat' dir='ltr'>perpetuo</span> <span class='ocrx_word' id='word_1_199' title='bbox 1437 3915 1474 3982; x_wconf 90' lang='lat' dir='ltr'>et</span> <span class='ocrx_word' id='word_1_200' title='bbox 1497 3901 1560 3981; x_wconf 90' lang='lat' dir='ltr'>ub-</span> 
     </span>
    </p>

    <p class='ocr_par' dir='ltr' id='par_1_9' title="bbox 469 4075 1559 4152">
     <span class='ocr_line' id='line_1_30' title="bbox 469 4075 1559 4152; baseline 0 -17"><span class='ocrx_word' id='word_1_201' title='bbox 469 4077 508 4150; x_wconf 71' lang='lat' dir='ltr'>il)</span> <span class='ocrx_word' id='word_1_202' title='bbox 527 4079 593 4150; x_wconf 84' lang='lat' dir='ltr'>cap.</span> <span class='ocrx_word' id='word_1_203' title='bbox 615 4076 818 4150; x_wconf 73' lang='lat' dir='ltr'>fraternitatis</span> <span class='ocrx_word' id='word_1_204' title='bbox 841 4081 866 4145; x_wconf 82' lang='lat' dir='ltr'>i,</span> <span class='ocrx_word' id='word_1_205' title='bbox 888 4075 923 4134; x_wconf 84' lang='lat' dir='ltr'>de</span> <span class='ocrx_word' id='word_1_206' title='bbox 941 4077 1065 4150; x_wconf 69' lang='lat' dir='ltr'>tripictis</span> <span class='ocrx_word' id='word_1_207' title='bbox 1083 4086 1108 4136; x_wconf 80' lang='lat' dir='ltr'>et</span> <span class='ocrx_word' id='word_1_208' title='bbox 1127 4077 1314 4152; x_wconf 79' lang='lat' dir='ltr'>rnuicficiotis</span> <span class='ocrx_word' id='word_1_209' title='bbox 1331 4087 1358 4137; x_wconf 87' lang='lat' dir='ltr'>et</span> <span class='ocrx_word' id='word_1_210' title='bbox 1386 4077 1559 4151; x_wconf 73' lang='lat' dir='ltr'>impotentia</span> 
     </span>
    </p>
   </div>
   <div class='ocr_carea' id='block_1_3' title="bbox 396 4167 1556 4325">
    <p class='ocr_par' dir='ltr' id='par_1_10' title="bbox 396 4167 1556 4325">
     <span class='ocr_line' id='line_1_31' title="bbox 396 4167 1556 4325; baseline -0.002 -16"><span class='ocrx_word' id='word_1_211' title='bbox 396 4167 628 4325; x_wconf 49' lang='lat' dir='ltr'>miinoris</span> <span class='ocrx_word' id='word_1_212' title='bbox 643 4251 772 4307; x_wconf 85' lang='lat' dir='ltr'>omnium</span> <span class='ocrx_word' id='word_1_213' title='bbox 785 4251 911 4308; x_wconf 88' lang='lat' dir='ltr'>rationes</span> <span class='ocrx_word' id='word_1_214' title='bbox 929 4258 957 4308; x_wconf 87' lang='lat' dir='ltr'>ot</span> <span class='ocrx_word' id='word_1_215' title='bbox 969 4251 1151 4322; x_wconf 82' lang='lat' dir='ltr'>quaestiones</span> <span class='ocrx_word' id='word_1_216' title='bbox 1163 4261 1311 4324; x_wconf 81' lang='lat' dir='ltr'>exponunt</span> <span class='ocrx_word' id='word_1_217' title='bbox 1326 4253 1450 4310; x_wconf 82' lang='lat' dir='ltr'>Sanctior</span> <span class='ocrx_word' id='word_1_218' title='bbox 1463 4251 1515 4310; x_wconf 82' lang='lat' dir='ltr'>tto.</span> <span class='ocrx_word' id='word_1_219' title='bbox 1529 4257 1556 4310; x_wconf 82' lang='lat'>7.</span> 
     </span>
    </p>
   </div>
   <div class='ocr_carea' id='block_1_4' title="bbox 394 4337 1557 4486">
    <p class='ocr_par' dir='ltr' id='par_1_11' title="bbox 394 4337 1557 4486">
     <span class='ocr_line' id='line_1_32' title="bbox 396 4337 1557 4414; baseline 0.001 -17"><span class='ocrx_word' id='word_1_220' title='bbox 396 4340 471 4412; x_wconf 81' lang='lat' dir='ltr'>disp.</span> <span class='ocrx_word' id='word_1_221' title='bbox 492 4345 535 4396; x_wconf 75' lang='lat' dir='ltr'>ts.</span> <span class='ocrx_word' id='word_1_222' title='bbox 557 4339 664 4410; x_wconf 83' lang='lat' dir='ltr'>otiique</span> <span class='ocrx_word' id='word_1_223' title='bbox 683 4337 789 4409; x_wconf 89' lang='lat' dir='ltr'>passim</span> <span class='ocrx_word' id='word_1_224' title='bbox 812 4340 865 4394; x_wconf 80' lang='lat' dir='ltr'>Db.</span> <span class='ocrx_word' id='word_1_225' title='bbox 886 4337 961 4396; x_wconf 85' lang='lat' dir='ltr'>citati</span> <span class='ocrx_word' id='word_1_226' title='bbox 982 4353 996 4394; x_wconf 92' lang='lat' dir='ltr'>a</span> <span class='ocrx_word' id='word_1_227' title='bbox 1017 4341 1156 4398; x_wconf 86' lang='lat' dir='ltr'>Lenrento</span> <span class='ocrx_word' id='word_1_228' title='bbox 1177 4341 1229 4399; x_wconf 81' lang='lat' dir='ltr'>lii.</span> <span class='ocrx_word' id='word_1_229' title='bbox 1259 4347 1285 4397; x_wconf 83' lang='lat' dir='ltr'>t.</span> <span class='ocrx_word' id='word_1_230' title='bbox 1316 4341 1363 4400; x_wconf 87' lang='lat' dir='ltr'>tit.</span> <span class='ocrx_word' id='word_1_231' title='bbox 1396 4347 1438 4398; x_wconf 83' lang='lat' dir='ltr'>ts.</span> <span class='ocrx_word' id='word_1_232' title='bbox 1468 4355 1557 4414; x_wconf 81' lang='lat' dir='ltr'>quoe·</span> 
     </span>
     <span class='ocr_line' id='line_1_33' title="bbox 394 4433 640 4486; baseline -0.024 0"><span class='ocrx_word' id='word_1_233' title='bbox 394 4433 431 4486; x_wconf 77' lang='lat' dir='ltr'>st.</span> <span class='ocrx_word' id='word_1_234' title='bbox 450 4433 640 4484; x_wconf 63' lang='lat' dir='ltr'>att-astato.</span> 
     </span>
    </p>
   </div>
   <div class='ocr_carea' id='block_1_5' title="bbox 0 0 1727 5302">
    <p class='ocr_par' dir='ltr' id='par_1_12' title="bbox 0 0 1727 5302">
     <span class='ocr_line' id='line_1_34' title="bbox 0 0 1727 5302; baseline 0 0"><span class='ocrx_word' id='word_1_235' title='bbox 0 0 1727 5302; x_wconf 95' lang='lat' dir='ltr'> </span> 
     </span>
    </p>
   </div>
  </div>
 </body>
</html>
