3402 5292
872 439 909 454 ..
931 407 991 469 298
1011 439 1049 454 ..

347 540 430 605 «tea
460 531 599 631 ignota;
631 555 782 634 cumque
811 531 1067 636 responderent
1096 529 1139 608 ad
1169 529 1347 609 cademot
1369 529 1540 609 verbiset

372 649 497 730 ordine
526 653 798 757 interrogatoria
827 657 955 759 cuique
984 655 1067 733 testi
1096 654 1292 759 proposita,
1312 654 1396 733 hinc
1415 655 1541 734 iisdem

373 777 447 856 lere
476 778 715 857 locutionibus
746 781 979 858 concinnatae
1011 792 1247 858 emerserunt.
1271 823 1295 840 -
1317 779 1539 882 suffragatur
1684 853 1685 894 p

372 903 467 1008 quod
495 905 670 982 scientiae
690 903 818 982 bonam
838 929 980 982 eausam
1000 929 1064 982 seu
1084 904 1257 981 rationem
1278 903 1410 1006 singuli
1431 919 1541 988 testes
1684 905 1685 912 ‘

373 1028 560 1106 attulerint
587 1028 633 1106 ad
662 1027 757 1106 dieta
793 1026 960 1132 laetaque
989 1027 1034 1104 ab
1063 1028 1150 1132 ipsis
1188 1026 1389 1106 immediate
1418 1028 1540 1109 audita

373 1178 413 1230 ao
441 1167 627 1257 perspecta
646 1153 871 1245 sustinenda,
890 1178 931 1230 ac
949 1151 1123 1230 eiusmodi
1143 1151 1413 1230 attestationum
1432 1155 1541 1232 ratio·

373 1301 436 1354 nes
465 1275 612 1366 luerint,
646 1289 698 1368 ut,
730 1275 810 1354 rudi
837 1275 1001 1379 quamvis
1029 1276 1184 1377 ingenio,
1213 1273 1285 1352 lere
1304 1299 1426 1353 omnes
1454 1275 1542 1354 iusi·
1684 1287 1687 1315 ³

373 1415 486 1478 nuent
513 1403 587 1477 sive
607 1425 710 1478 ueros
727 1425 767 1477 ac
782 1411 895 1476 certos
907 1398 1149 1504 probationes,
1165 1397 1239 1476 sive
1252 1401 1540 1503 praesumptions

371 1523 480 1610 iuris,
509 1523 642 1628 quibus
668 1521 798 1626 filiatio
826 1525 1059 1601 communiter
1087 1547 1128 1600 ac
1157 1522 1261 1626 plene
1281 1521 1422 1626 probari
1452 1523 1541 1600 solet

376 1645 450 1746 (Clr
473 1650 626 1724 Leuren.
646 1654 728 1724 For.
747 1646 830 1724 eccl.
849 1645 910 1724 lib.
930 1655 967 1724 ἓ.
986 1653 1121 1724 Deerat.
1141 1647 1198 1723 nt.
1222 1654 1283 1724 19.
1298 1660 1433 1750 quaest.
1449 1654 1538 1726 set.

375 1777 471 1848 «ln
499 1782 534 1846 et
561 1769 717 1872 qualiter
744 1769 929 1874 probanda
958 1769 1082 1848 filiatio
1106 1799 1123 1840 a
1143 1767 1175 1872 )‚
1209 1783 1244 1848 et
1265 1769 1475 1874 praesertim
1495 1768 1540 1846 ad

372 1893 534 1972 tramites
563 1893 624 1972 cit.
656 1918 735 1999 cap.
767 1893 860 1972 licet.
884 1903 921 1987 Ξ),
940 1895 982 1973 de
1002 1895 1143 1974 testibus
1172 1893 1229 1999 (v.
1248 1918 1367 1998 praec.
1387 1919 1423 1972 n.
1451 1895 1534 1996 17),

375 2043 447 2122 quo
466 2017 591 2096 modus
612 2018 867 2122 praescribitur
895 2021 1218 2121 consanguinitatis
1247 2015 1539 2122 impedimentum

375 2142 552 2248 probandi
586 2169 648 2248 per
681 2156 803 2222 testes.
841 2143 947 2247 Atqui
977 2144 1032 2222 vel
1052 2170 1094 2224 ex
1121 2145 1188 2222 hoo
1215 2157 1356 2223 tantum
1386 2173 1404 2214 e
1429 2140 1540 2218 omnis

304 2367 307 2373 ι
375 2265 518 2343 testibus
543 2266 763 2371 praestando
791 2279 876 2346 esset
894 2267 1016 2370 fides»
1049 2293 1126 2346 oum
1147 2267 1343 2345 communis
1363 2269 1436 2342 Ill).
1459 2289 1542 2342 sen-

372 2391 486 2468 tentia
513 2391 574 2484 sit,
609 2391 745 2494 «quod
774 2389 908 2470 dictum
937 2391 1080 2470 testium
1110 2391 1154 2470 de
1178 2393 1255 2470 iure
1284 2391 1404 2469 veniat
1433 2415 1539 2492 regu·

374 2514 561 2592 ‹landum
591 2541 613 2592 n
643 2513 793 2608 ratione,
831 2541 938 2620 quom
971 2515 1165 2594 reddunt»
1197 2519 1351 2621 (Ursaya
1380 2513 1537 2619 Discept.

372 2636 455 2716 eccl.
488 2649 515 2716 t.
533 2648 571 2718 9.
591 2663 631 2742 p.
654 2649 687 2715 l.
710 2637 856 2743 discept.
882 2648 918 2718 5.
938 2665 974 2716 n.
1000 2649 1063 2716 ll.
1082 2639 1274 2742 etdiscept.
1295 2648 1357 2716 ll.
1377 2661 1415 2714 u.
1439 2645 1541 2716 67.-

372 2763 429 2843 Clr
457 2777 493 2842 et
521 2767 675 2841 Lauren.
707 2762 733 2839 l.
766 2789 797 2840 c.
829 2789 864 2868 q.
898 2761 1012 2866 640).

452 2897 516 2966 23.
549 2889 653 2966 Hisce
681 2901 800 2966 autem
828 2887 1129 2981 conclusionibus,
1160 2911 1205 2964 ex
1234 2885 1430 2964 visceribus
1457 2909 1542 2989 pro-

371 3011 557 3092 bationum
586 3012 818 3119 depromptis
850 3038 979 3118 perse
1008 3023 1179 3090 corruunt
1199 3035 1320 3089 omnes
1348 3010 1543 3090 difficulta-

372 3151 426 3215 tes
454 3136 651 3216 delensoris
679 3137 892 3215 matrimonii
920 3140 1085 3242 superius
1114 3138 1248 3214 relatae
1277 3139 1336 3239 (a.
1370 3143 1430 3234 t),
1462 3135 1540 3214 sive

373 3261 456 3338 illae
484 3285 576 3364 quae
605 3262 759 3366 aliquem
788 3259 908 3338 lucum
936 3259 1050 3340 lucere
1084 3260 1313 3354 videbantur,
1345 3259 1420 3338 siae
1448 3283 1542 3364 quae

372 3383 484 3486 gratis
513 3384 659 3461 luerunt
689 3397 859 3462 assertae.

452 3515 516 3584 bt.
548 3512 645 3595 Quae
673 3532 751 3585 oum
781 3508 830 3586 ita
859 3509 946 3600 sint,
969 3522 1010 3586 ut
1035 3523 1106 3588 tam
1135 3511 1357 3614 parochiales
1385 3511 1539 3605 codices,

370 3656 477 3736 quam
505 3629 808 3710 luculentissimae
837 3632 985 3710 testium
1013 3631 1254 3736 depositiones
1278 3633 1389 3712 arnioe
1417 3635 1543 3712 coniu-

370 3771 464 3847 rent,
502 3781 543 3834 ac
577 3755 780 3859 plenissime
813 3754 979 3860 probent,
1018 3755 1150 3834 Titiam
1185 3763 1223 3834 S.
1255 3769 1290 3836 et
1318 3764 1466 3835 Beatam
1494 3765 1539 3834 B.

375 3903 453 3957 esse
482 3878 576 3956 inter
604 3903 641 3956 se
669 3878 876 3958 coniunctos
911 3879 1018 3957 tertio
1049 3879 1372 3983 consanguinitatis
1410 3879 1539 3983 gradu,

369 4001 448 4080 luce
476 4001 673 4080 meridiana
703 4003 834 4080 clarius
863 4016 1025 4107 apparet,
1057 4027 1178 4080 eorum
1199 4006 1462 4082 matrimonium
1483 4004 1542 4084 die

373 4137 421 4206 15
440 4125 609 4205 lebruarii
629 4134 727 4205 1873
746 4127 782 4203 in
793 4126 990 4204 cathedrali
1006 4126 1161 4204 Ecclesia
1174 4131 1235 4220 N.‚
1249 4127 1385 4231 absque
1398 4143 1546 4232 aposto-

369 4250 437 4328 liea
466 4250 733 4354 dispensatione
748 4250 982 4344 celebratum,
1007 4249 1115 4327 fuisse
1131 4265 1168 4329 et
1181 4275 1259 4330 esse
1274 4253 1351 4356 ipso
1367 4253 1444 4330 iure
1458 4253 1547 4334 uul-

370 4396 444 4473 1um
472 4389 580 4480 atque
600 4373 764 4454 irritum:
787 4375 882 4480 quod
903 4389 981 4454 erat
995 4374 1248 4480 inquirendum
1268 4376 1323 4480 (a.
1340 4385 1359 4454 7
1378 4377 1543 4481 praec).
