3444 5302
654 433 691 448 ..
713 399 751 462 37
774 433 811 450 ..

141 525 230 606 cilio
259 525 492 606 Laterancnsi
507 523 575 604 sub
603 526 811 606 Innocentio
840 528 895 604 111
923 526 1125 604 restrictum
1152 523 1222 604 tuit
1249 525 1316 604 hoc

145 643 443 750 impedimentum
462 643 632 724 dirimens
651 645 698 723 ad
712 644 861 750 gradum
879 659 1048 750 quartum
1069 643 1142 748 (1).
1163 645 1314 724 -Huius

142 782 272 850 autem
300 767 535 848 restrictionis
563 770 763 848 extrinseca
798 769 889 848 ratio
916 765 1002 864 suit,
1034 766 1129 878 quod
1158 769 1195 846 in
1222 769 1317 848 ulte-

151 885 310 982 rioribus
338 886 521 992 gradibus,
544 913 670 993 nempe
689 914 802 994 usque
831 886 875 966 ad
904 887 1114 994 septimum,
1145 887 1215 966 iarn
1245 912 1315 966 non

146 1023 291 1116 poterat
319 1009 454 1118 absque
483 1013 581 1115 gravi
601 1012 787 1118 dispendio
806 1011 1010 1092 huiusmodi
1039 1011 1233 1118 prohibitio
1252 1037 1316 1092 seu

148 1135 306 1216 irritatio
325 1136 507 1216 observari
526 1135 571 1214 ob
590 1135 836 1216 difficultatem
852 1133 1078 1230 numerandi,
1107 1135 1316 1240 praesertim

146 1261 243 1340 inter
271 1260 443 1368 plebeios,
476 1261 696 1364 cognationis
725 1259 857 1364 gradus
877 1259 949 1365 (ι).
974 1259 1171 1339 intrinseca
1192 1273 1314 1339 autem

146 1385 257 1481 ratio,
287 1399 328 1464 ut
348 1385 514 1465 observat
532 1383 679 1488 Pirhing
695 1386 769 1490 (3),
792 1384 829 1462 in
848 1409 889 1462 eo
905 1397 972 1478 est,
996 1382 1091 1489 quod
1111 1385 1188 1490 ipsa
1207 1383 1314 1462 realis

147 1509 377 1615 participatio
392 1534 455 1588 seu
471 1507 741 1588 communicatio
761 1506 920 1586 eiusdem
939 1507 1124 1611 sanguinis
1139 1533 1182 1586 er
1202 1511 1315 1616 primo
1334 1597 1337 1606 ⁴

146 1633 272 1740 stipite
301 1631 480 1728 traducta,
511 1647 548 1712 ei
576 1645 833 1738 consequenter
862 1629 976 1710 virtus
1012 1629 1206 1734 generandi
1233 1657 1317 1736 pro-

145 1755 218 1834 iem
245 1753 315 1834 sibi
330 1755 480 1834 similem
498 1755 616 1862 quoad
633 1755 805 1858 corporis
822 1753 1088 1858 complexionis,
1106 1779 1314 1858 morumque

146 1877 413 1973 habitudinem,
445 1877 621 1958 communi
650 1877 832 1956 hominum
861 1865 991 1955 iudicio
1006 1879 1064 1954 vix
1094 1876 1188 1955 ultra
1207 1903 1317 1982 quar-

151 2015 227 2112 tam
256 2003 519 2104 generationem
545 2001 717 2108 perduret
744 1999 789 2079 ob
817 2014 1026 2106 perpetuam
1063 1999 1209 2080 humani
1237 2024 1316 2078 cor-

152 2125 251 2230 poris
265 2124 515 2206 resolutionem
531 2139 565 2204 et
576 2125 858 2204 cornninionen
873 2149 953 2202 cum
968 2123 1036 2202 alio
1052 2124 1277 2229 sanguine(i
1280 2127 1310 2228 )

216 2251 286 2363 Er
314 2249 370 2328 his
398 2263 517 2329 autem
546 2249 724 2386 sequitur,
755 2245 912 2327 validum
940 2273 1017 2326 esse
1049 2247 1312 2326 matrimonium

145 2328 346 2468 intereos,
378 2399 528 2477 quorum
556 2399 650 2452 unus
678 2373 715 2452 in
743 2399 808 2451 sua
835 2371 929 2450 linea
968 2385 1169 2450 transversa
1202 2369 1314 2450 distat

146 2523 170 2574 a
199 2497 321 2602 stipite
350 2495 447 2576 ultre
474 2511 655 2602 quartum,
678 2497 797 2578 alter
788 2523 825 2576 rn
845 2497 913 2575 alia
934 2493 1033 2575 intro
1051 2509 1218 2602 quartum
1233 2521 1315 2598 gra·

149 2619 251 2716 dum,
283 2647 361 2700 cum
389 2621 606 2726 computatio
633 2619 795 2700 iacienda
824 2621 870 2699 sit
899 2624 997 2700 iuxta
1027 2621 1174 2725 gradum
1198 2646 1312 2700 remo-

147 2745 275 2824 tiorem
303 2757 344 2824 ut
359 2771 403 2824 cx
422 2733 591 2826 decretali
611 2746 769 2850 Gregorii
789 2744 898 2850 lx(5
901 2747 985 2850 );-
962 2743 1113 2851 -idque
1133 2749 1201 2826 cisi
1220 2747 1311 2826 alter

145 2882 390 2994 auctentum
419 2870 532 2974 gradu
560 2869 670 2950 distet
655 2884 718 2950 ta
746 2873 869 2978 stipite
897 2868 970 2975 (6).

219 2986 257 3084 ili
275 3015 343 3084 Cap
358 3027 417 3069 non
436 3013 553 3070 debete.
570 3013 603 3070 dc
621 2979 878 3084 concanoninitoic
897 3018 950 3072 etc.
973 3015 1067 3070 -ius
1081 3013 1165 3068 civite
1179 2979 1214 3068 ad
1228 3025 1313 3082 quar-

143 3107 211 3157 tum
230 3114 345 3172 quoque
364 3101 485 3172 gradum
505 3101 637 3171 producit
655 3101 838 3158 interdictum
860 3114 965 3164 suum;
996 3100 1045 3156 sed
1071 3098 1223 3171 gradum'
1216 3113 1311 3170 ipsum

144 3188 286 3257 excindit,
305 3197 338 3247 ut
355 3189 476 3259 ersa·
480 3189 605 3246 instit.
628 3191 664 3246 De
682 3187 807 3260 nuptiis.
828 3189 952 3259 inune
947 3201 991 3245 rus
1011 3187 1095 3244 civile
1114 3185 1230 3258 nuptias
1250 3199 1312 3257 pro·

144 3277 197 3335 irat
209 3279 459 3344 consobrinorum,
471 3291 547 3350 quos
558 3279 696 3336 coiiocat'
690 3293 719 3335 m
733 3285 835 3350 quarto
849 3277 949 3348 gradu.
967 3281 1002 3334 ιιι
1016 3290 1139 3334 canones
1148 3276 1312 3348 improbant

146 3375 201 3432 iras
221 3376 346 3446 nuptias,
366 3391 424 3434 non
444 3377 537 3434 solum
557 3376 632 3448 quod
652 3383 678 3432 ιι
697 3382 830 3446 quartum
855 3375 975 3446 gradum
1006 3375 1155 3432 interdicto
1185 3387 1312 3444 compre-

145 3459 290 3528 hendunt,
305 3461 451 3518 sedetiam
471 3461 548 3533 quod
568 3473 665 3518 revera
689 3461 742 3531 ipsi
766 3460 929 3516 consobrini
945 3461 975 3515 iu
996 3458 1120 3516 secundo
1140 3459 1231 3532 gradu
1244 3465 1311 3540 sunt

144 3549 258 3620 (Deroti
279 3549 329 3606 icc.
349 3551 399 3608 ιιι.
420 3549 622 3610 cumacinum
639 3549 688 3618 4.}.
914 3563 917 3568 ’

220 3638 256 3710 (ι)
277 3638 324 3696 cir
343 3639 391 3695 ιιι.
411 3651 472 3710 cop.
494 3653 552 3694 non
575 3637 677 3696 ccicc..
759 3663 760 3667 =

219 3728 258 3801 (3)
277 3727 395 3799 Piriiing
415 3727 465 3784 tib.
481 3732 513 3793 t.
535 3727 581 3785 tit.
603 3731 646 3782 ii.
666 3742 698 3782 n.
719 3731 762 3780 tc.
784 3725 874 3780 citans
893 3727 1015 3782 Tanner.

179 3839 184 3848 ·
219 3817 256 3889 (ι)
277 3815 579 3872 itincnotatsancirez
596 3813 647 3871 iio.
669 3821 694 3868 ι.
715 3813 790 3884 disp.
811 3819 854 3880 to,
876 3827 907 3870 n.
928 3820 954 3869 c.
975 3819 1002 3869 ιι
1020 3825 1060 3886 ιιιΙ
1073 3825 1106 3867 eo
1127 3809 1243 3880 Piriring
1258 3808 1309 3865 loc.

145 3906 197 3964 ιιι.
218 3904 457 3980 rationem'iiiam
476 3919 525 3976 per
544 3904 661 3961 modum
674 3902 882 3976 congruent-iac
899 3902 1037 3960 adiectam
1058 3902 1087 3958 in
1105 3901 1152 3958 cit.
1164 3905 1237 3974 cap.
1251 3913 1310 3956 non

146 3993 235 4061 debet,
259 3993 369 4050 scilicet
382 3993 588 4049 restrictionem
604 3991 667 4048 ideo
682 3991 783 4048 iocum
797 3990 832 4046 ad
851 3999 985 4061 quartum
1006 3989 1138 4062 gradum,
1159 3987 1233 4060 quod
1247 4001 1310 4043 cor·

147 4097 205 4154 pus
224 4082 384 4138 humanum
403 4087 511 4136 constet
529 4089 654 4151 quatuor
678 4078 848 4138 humoribus
867 4093 920 4134 seu
932 4123 936 4134 .
950 4076 1108 4143 elementis,
1141 4076 1219 4134 iuxta
1239 4075 1313 4131 onti-

146 4183 240 4242 quam
261 4169 444 4242 physicorum
473 4167 648 4238 opinionem,
667 4181 725 4224 uon
745 4166 782 4224 ita
812 4165 962 4222 ridicuiam
981 4173 1009 4222 ot
1028 4166 1170 4236 puoriiem
1197 4177 1260 4220 esse
1278 4169 1317 4220 ut

147 4259 323 4318 cariiiautur
343 4258 486 4324 haeretici.

220 4347 258 4418 (5)
277 4351 344 4420 Cap.
365 4349 414 4404 cir
431 4349 484 4420 qui
502 4354 518 4404 9
537 4356 563 4404 ιι
582 4349 633 4405 uit.
655 4347 688 4403 dc
706 4344 930 4416 consanguinit.

221 4435 259 4506 [6)
278 4435 403 4493 sanchez
423 4436 443 4492 i.
462 4451 485 4492 c.
505 4451 535 4492 n.
556 4441 582 4491 5.
606 4435 681 4492 Pirir.
703 4434 725 4492 i.
744 4450 768 4496 ι.
788 4449 819 4490 n.
842 4437 874 4490 tr
892 4443 960 4490 eum
980 4430 1226 4488 communissima.

385 4749 398 4823 i
