3446 5298
644 509 676 522 -
702 475 758 538 err
780 509 817 522 .-

148 624 256 680 causa
286 601 500 706 dispensari,
531 626 603 679 non
631 601 875 680 recusabimus
904 602 1032 681 vestris
1064 600 1230 707 precibus
1258 627 1317 679 as-

149 725 289 818 sentiri,
322 727 351 809 si
379 726 415 804 id
445 726 626 829 religionis
655 726 787 806 bonurn
817 741 852 806 et
881 727 1078 804 animarum
1116 726 1213 804 salus
1251 751 1315 830 po-

147 849 282 928 stulare
310 849 488 930 rideatur.

227 976 324 1052 Haec
353 973 397 1052 ad
417 987 451 1053 te
480 975 621 1079 plenius
649 975 835 1054 scribenda
855 976 1074 1080 putavimus
1097 975 1313 1056 venerabilis

147 1099 285 1190 Frater,
316 1121 388 1174 non
416 1098 530 1176 solurn
550 1114 591 1178 ut
609 1099 800 1205 postulatis
819 1100 891 1178 tois
910 1099 1105 1179 iacerernus
1125 1103 1227 1196 satis,
1251 1102 1313 1181 sed

147 1223 255 1299 etiarn
275 1235 315 1301 nt
344 1221 381 1299 in
396 1221 440 1299 iis
455 1222 740 1327 quaestionibus
771 1250 862 1328 quas
876 1225 968 1304 circa
988 1225 1212 1304 rnatrirnonia
1232 1249 1315 1331 pro-

147 1345 312 1449 posuisti,
344 1357 476 1424 certarn
507 1345 658 1424 haberes
686 1345 732 1426 ab
761 1347 827 1426 hac
860 1348 1053 1453 apostolica
1082 1349 1171 1427 Sede
1209 1375 1316 1451 regu-

147 1471 231 1562 lam,
263 1497 368 1575 quarn
398 1472 427 1550 si
458 1471 610 1566 tenebis,
644 1471 745 1550 facile
773 1497 814 1550 ac
843 1486 922 1552 tuto
941 1497 1002 1552 eas
1026 1473 1162 1552 solvere
1191 1499 1232 1552 ac
1261 1475 1316 1552 di-

146 1595 274 1674 rimere
311 1595 458 1700 poteris.
491 1601 539 1673 Ac
576 1595 657 1690 tibi,
688 1595 903 1674 venerabilis
940 1601 1082 1692 Frater,
1114 1595 1314 1704 ovibusque

146 1719 218 1798 tuis
247 1719 476 1824 apostolicam
496 1717 786 1800 benedictionem
814 1719 1054 1798 amantissime
1074 1721 1310 1826 impertimur.

145 1847 277 1922 Datum
305 1845 342 1922 in
381 1849 467 1922 Arce
501 1842 707 1949 Gandulpbi
735 1843 903 1922 albanen.
940 1843 1112 1922 dioecesis
1148 1843 1216 1922 sub
1249 1870 1315 1920 an-

144 1965 231 2046 nulo
259 1967 446 2070 piscatoris
473 1967 530 2046 die
560 1976 582 2046 8
612 1967 766 2048 octobris
798 1977 911 2064 1803,
939 1969 1171 2048 Pontificatus
1200 1969 1313 2049 nostri

146 2115 241 2168 anno
268 2105 411 2196 quarto.

225 2214 449 2320 Descriptum
469 2228 502 2294 ct
521 2215 738 2320 recopoitoro
757 2241 801 2294 ea
816 2216 1037 2322 ootoprupbo
1056 2222 1200 2322 Repesto
1218 2215 1314 2294 Lite-

145 2364 272 2417 rorum
300 2339 576 2445 apostolicorum
604 2341 651 2420 ud
680 2340 863 2445 Principes
883 2340 978 2418 viros
994 2351 1027 2420 et
1045 2339 1135 2420 ulios
1153 2339 1217 2445 fol.
1240 2367 1310 2420 ree.

145 2461 207 2542 Pii
218 2471 294 2542 ΡΡ.
310 2471 375 2542 VII
384 2465 476 2570 quod
490 2465 705 2543 (adsecutor
720 2465 758 2542 in
773 2463 974 2543 Toboloriis
985 2465 1227 2544 secretioribus
1248 2473 1316 2544 Vu-

144 2585 289 2674 ticoois,
310 2613 371 2666 oo.
395 2595 485 2675 W„
502 2613 589 2694 pop.
617 2598 704 2668 101.
729 2597 770 2668 Io
791 2614 941 2695 quorum
959 2588 1065 2694 fidem
1084 2589 1140 2668 bic
1160 2616 1213 2667 ree
1232 2589 1314 2668 sub·

144 2711 272 2817 scripsi
298 2725 332 2790 et
359 2711 471 2790 solitis
501 2714 610 2818 siquis
640 2713 795 2818 sipouoi.

223 2837 361 2915 Doboor
388 2863 411 2914 u
442 2837 643 2916 Tobuioriis
668 2837 851 2944 priresutis
886 2845 930 2916 Vt
956 2838 1036 2916 idos
1056 2838 1189 2925 maios,
1218 2863 1314 2918 cono

142 2962 287 3039 Domitii
324 2961 784 3048 neocesariensis.
822 2969 915 3050 VIII,
955 2963 1189 3067 Pontificetos
1228 2989 1310 3044 vero

145 3089 249 3166 SSroi
275 3089 314 3166 iu
345 3086 483 3166 Cbristo
510 3089 632 3165 Petris
683 3099 715 3166 et
744 3087 889 3166 Domini
920 3089 1043 3166 Nostri
1080 3087 1224 3166 Domini
1252 3087 1313 3166 Pii

142 3209 269 3289 diuino
293 3210 520 3316 providentio
549 3217 670 3317 Papae
698 3218 750 3290 IX
776 3218 877 3289 Auno
905 3220 934 3288 Ι.

674 3464 881 3540 MARINUS
911 3455 1079 3540 MleNi

516 3583 786 3666 Tabulariorurn
814 3589 850 3664 S.
883 3590 930 3664 R.
961 3589 1004 3664 E.
1036 3587 1254 3666 Praefectus.
