3402 5292
674 400 851 464 -309-

169 523 359 602 <mastica
382 553 401 596 ›
423 521 507 624 (Vir
534 521 579 602 ab
608 550 719 604 uxore
747 536 868 631 sponte
895 549 961 602 sna
989 521 1136 609 recedit,
1167 547 1237 600 non
1265 521 1351 602 ltoec

166 672 193 724 a
220 646 323 733 niro,
353 658 434 751 post
470 647 662 728 innumera
700 649 749 728 ud
786 675 861 728 rem
889 646 1059 726 unnriem
1088 645 1286 724 habendam
1317 657 1351 724 et

169 795 279 876 usque
305 770 489 874 frustrata
518 775 719 852 tentamina
748 772 850 852 intro
878 770 1012 852 biennii
1040 770 1240 876 spatium);
1262 799 1281 842 t
1304 769 1348 850 ed

171 896 249 974 «io
276 894 324 972 mi
354 895 388 973 vi
417 897 597 1000 acquietai
627 897 697 976 ben
727 895 928 992 volentieri,
960 896 1092 1001 pereh'e
1112 895 1146 974 lo
1166 920 1349 988 amarae

173 1051 191 1091 e
216 1043 286 1097 non
314 1019 362 1098 mi
390 1043 542 1122 reggeva
570 1019 717 1100 l'animo
742 1045 762 1098 a
783 1019 926 1100 vederlo
945 1025 1018 1100 cosi
1039 1032 1265 1124 aspramente
1284 1045 1350 1124 pn·

170 1141 291 1236 etim,
323 1141 452 1220 stando
481 1167 577 1222 meso
600 1175 618 1217 >
640 1144 777 1248 (Actor.
808 1141 883 1222 loll.
919 1144 1077 1248 16-19).

252 1277 290 1348 5.
321 1267 423 1346 Datis
451 1267 546 1346 hisee
576 1268 771 1372 responsis,
803 1268 945 1372 aliaque
973 1266 1031 1346 die
1051 1265 1096 1346 ad
1121 1291 1272 1346 examen
1291 1291 1350 1346 re-

169 1407 296 1471 vocata
323 1391 431 1486 Iulia,
464 1391 547 1470 aliis
575 1391 860 1494 interrogatoriis
890 1405 964 1472 tum
993 1417 1013 1468 a
1042 1389 1230 1470 defensore
1258 1389 1351 1474 vali-

168 1516 295 1596 ditatis
322 1515 553 1613 matrimonii,
587 1531 662 1597 tum
682 1543 725 1596 ex
746 1517 860 1598 officio
881 1516 1073 1622 propositis
1092 1517 1181 1596 satis
1205 1513 1351 1594 abunde

168 1639 266 1735 lecit,
297 1654 339 1722 ut
366 1655 468 1746 patet
495 1666 538 1720 aa
567 1641 656 1720 actis
676 1640 811 1720 citatis.
833 1641 1027 1720 'Confirmat
1046 1641 1140 1718 enim
1155 1638 1287 1718 elarius
1309 1664 1350 1718 ac

166 1766 371 1846 evidentius
411 1791 575 1870 eaquae
605 1767 677 1844 inm
707 1767 743 1844 in
773 1767 888 1870 prima
917 1763 1139 1868 depositione
1155 1763 1343 1858 retulerat,

167 1889 277 1994 idque
305 1890 384 1968 aliis
413 1890 526 1992 magis
554 1889 734 1993 explicitis
763 1903 799 1968 et
831 1888 1112 1994 particularibus
1146 1887 1347 1967 enarratio·

169 2013 290 2108 nibus,
321 2013 513 2118 citatisque
544 2013 647 2092 lactis
674 2027 712 2092 et
741 2013 911 2104 testib'us,
933 2037 1086 2118 quorum
1105 2013 1224 2092 iurata
1244 2014 1348 2092 testi-

169 2138 299 2231 monia,
345 2149 385 2236 ut
413 2135 506 2216 inlra
548 2137 702 2243 patebit,
735 2136 851 2241 ipsius
896 2135 1002 2215 dictis
1044 2136 1208 2216 certatim
1237 2149 1346 2240 atque

168 2259 385 2340 adamussim
413 2261 669 2364 suffragantur.
702 2259 893 2340 Confirmat
921 2259 1045 2363 igitur,
1069 2273 1227 2364 tempore
1247 2260 1346 2342 eius-

167 2384 248 2466 dem
275 2385 552 2468 cohabitationis
580 2411 660 2464 cum
698 2388 794 2482 Caio,
835 2411 1021 2491 nunquam
1054 2386 1150 2466 hunc
1187 2385 1345 2468 valuisse

168 2511 432 2590 matrimonium
460 2535 721 2604 consummare,
753 2510 861 2615 idque
881 2509 926 2590 ob
947 2509 1148 2590 absolutam
1167 2510 1347 2615 impoten-

167 2637 253 2714 tiam
281 2636 484 2738 organicam
512 2633 693 2738 arrigendi
720 2649 756 2714 et
783 2635 949 2729 coeundi,
973 2633 1018 2714 oh
1039 2634 1291 2714 flacciditatem
1308 2647 1344 2714 et

168 2759 448 2838 imbecillitatem
477 2759 687 2862 genitalium
716 2784 757 2837 ao
786 2758 962 2839 delectum
994 2759 1068 2837 veri
1097 2758 1268 2853 seminis,
1300 2757 1346 2840 ob

165 2883 384 2961 excessivam
414 2882 670 2987 glacialemque
699 2881 956 2986 frigiditatem:
995 2912 1014 2956 e
1045 2889 1272 2987 Interropotn
1310 2907 1346 2964 se

169 3005 351 3108 «quando
378 3004 407 3086 il
435 3032 498 3083 suo
525 3005 659 3086 merito
692 3017 837 3086 tentabo
875 3006 913 3086 di
949 3031 1173 3093 consumere,
1213 3017 1346 3086 antona

171 3161 188 3202 ‹
211 3131 251 3206 in
279 3129 332 3210 lui
359 3155 409 3208 aa
436 3155 568 3210 eceesso
586 3129 625 3210 di
644 3129 776 3218 calore,
798 3157 817 3208 o
837 3155 886 3210 aa
905 3155 1035 3208 accesso
1053 3130 1092 3209 di
1109 3128 1343 3235 [reddemus

167 3255 380 3360 Respondit:
406 3285 424 3330 e
448 3261 590 3334 Notene
619 3254 722 3334 atella
741 3253 932 3342 diculneo,
953 3254 1040 3332 anzi
1059 3279 1134 3332 aaa
1151 3254 1345 3359 [reddente

170 3376 417 3482 «placiule».
441 3379 493 3457 nd
522 3405 614 3484 quae
644 3393 795 3458 naturae
824 3380 911 3458 vitia
940 3377 1098 3458 curanda
1129 3377 1183 3457 vel
1213 3379 1340 3458 saltem

167 3501 402 3604 corrigenda,
440 3515 481 3582 ut
509 3499 589 3582 rem'
612 3502 745 3584 habere
774 3503 1005 3608 aliquatenus
1033 3502 1196 3597 valeret,
1228 3527 1345 3606 neque

166 3623 292 3705 medici
321 3625 524 3731 principes,
557 3651 674 3730 neque
701 3627 876 3733 cuiusque
905 3627 1046 3730 generis
1083 3625 1341 3720 medicamina,

166 3771 282 3852 neque
310 3751 417 3828 etiam
446 3750 571 3830 illicita
599 3750 716 3830 media
745 3750 943 3856 quidquam
986 3775 1144 3856 unquam
1177 3761 1213 3828 et
1256 3762 1341 3828 aute

165 3873 444 3968 matrimonium,
476 3889 513 3956 ot
540 3901 581 3954 eo
610 3875 779 3970 durante,
812 3890 848 3956 et
877 3889 958 3981 post
977 3889 1345 3981 exsecutamsepnra-

165 3997 296 4076 tionem
326 3999 530 4085 valuerunt.
563 3999 778 4095 Confirmat,
820 4001 936 4080 virum
965 4014 1001 4080 et
1029 4025 1169 4078 suorum
1197 3999 1242 4080 de
1274 4000 1341 4080 hoc

165 4137 269 4204 antea
299 4126 468 4206 certiores
499 4123 621 4218 luisse,
641 4139 678 4206 et
695 4125 927 4205 nihilominus
942 4124 1101 4204 dolosam
1119 4128 1155 4205 in
1186 4125 1342 4230 puellam

166 4245 403 4350 proditionem
431 4261 669 4353 perpetrasse.
704 4249 883 4341 Declarat,
915 4249 981 4328 viri
1011 4250 1257 4353 impotentiam
1286 4261 1344 4328 at·

170 4370 395 4450 tribuendam
426 4370 522 4450 haud
551 4397 629 4452 esse
649 4373 842 4463 aversioni,
865 4371 1136 4452 eoiilormationi
1156 4372 1344 4478 physicae,
