3424 5300
717 457 749 465 —
776 422 831 485 llo
852 454 889 466 -

219 548 389 624 trimetria
403 548 477 624 sive
492 544 748 624 hoereticorum
763 547 857 625 inter
872 569 909 622 se
926 545 1000 623 sive
1018 543 1152 655 mictu,
1173 570 1245 623 non
1264 570 1381 623 coram

217 669 372 775 parocho
400 694 442 747 ac
469 660 623 748 testibus
651 668 843 762 celebrata,
876 666 994 745 valida
1022 693 1099 745 esse
1128 668 1184 746 vel

297 795 421 872 Primo
449 793 485 870 in
514 792 600 871 locis
628 791 690 871 ubi
718 790 959 871 tridentinum
997 791 1180 869 decretum
1212 816 1285 870 non
1314 792 1383 870 luit

219 943 376 1021 unquam
404 916 639 1022 publicatum,
671 928 735 994 aut
763 941 947 1021 nunquam
967 913 1191 992 observatum
1211 928 1383 1018 tanquam

219 1042 379 1121 eiusdem
406 1041 551 1120 Concilii
579 1039 776 1133 decretum,
809 1053 871 1118 aut
899 1041 928 1118 si
957 1038 1178 1143 publicatum
1199 1053 1236 1118 et
1264 1039 1386 1119 obser-

220 1179 355 1260 ratum,
385 1166 490 1268 longo
518 1163 601 1243 dein
630 1163 798 1267 temporis
826 1162 1015 1242 intervallo
1043 1161 1081 1238 in
1108 1160 1382 1243 desuetudinem

221 1289 328 1384 abiit;
351 1287 450 1366 -vel
874 1377 877 1383 ,

302 1411 459 1491 Secundo
486 1412 523 1489 in
551 1411 636 1489 locis
663 1409 925 1516 comprehensis
953 1437 974 1487 a
1002 1409 1232 1488 Benedictina
1261 1411 1385 1492 Decla-

220 1537 373 1630 ratione,
405 1536 498 1616 idest
526 1536 563 1613 in
590 1535 778 1617 Hollandia
807 1548 844 1614 et
871 1534 1005 1636 Belgio,
1029 1560 1113 1613 -ac
1140 1535 1177 1612 in
1198 1536 1277 1614 aliis
1296 1536 1383 1616 locis

220 1656 266 1734 ad
295 1681 388 1760 quae
416 1668 539 1734 sancta
568 1653 676 1734 Sedes
703 1654 747 1732 ob
762 1653 903 1732 easdem
923 1655 1092 1749 rationes
1115 1680 1207 1757 quae
1227 1680 1291 1759 pro
1311 1657 1382 1736 illis

220 1779 410 1860 loederatis
437 1777 640 1858 militabant
667 1777 871 1883 provinciis,
904 1802 980 1855 eam
1007 1776 1191 1873 extendit3
1214 1778 1312 1857 -vel

304 1907 418 1984 Tertio
446 1908 483 1982 in
510 1904 595 1982 locis
623 1928 685 2007 pro
713 1901 845 2008 quibus
864 1900 1056 2006 apostolica
1075 1901 1183 1980 Sedes
1202 1901 1385 2006 derogavit

220 2028 404 2136 praedicto
432 2026 631 2107 Tridentini
659 2024 813 2104 decreto.
836 2030 1009 2103 -Contra

303 2161 439 2244 Quarto
467 2151 565 2230 nulla
593 2175 633 2228 ac
661 2150 758 2228 irrita
790 2163 875 2228 sunt
893 2150 1116 2228 matrimonia
1135 2149 1181 2228 ab
1196 2150 1384 2229 haereticis

222 2277 312 2355 inita
340 2277 415 2354 sive
444 2275 537 2354 inter
565 2300 617 2368 se,
648 2274 722 2351 sive
750 2298 829 2351 curn
856 2287 959 2379 parte
986 2273 1160 2352 catholica
1176 2274 1214 2351 in
1240 2273 1326 2353 locis
1345 2274 1383 2352 in

222 2400 355 2505 quibus
382 2398 618 2478 tridentinum
645 2396 824 2475 decretum
853 2395 1085 2502 publicatum,
1118 2410 1225 2501 atque
1241 2398 1293 2476 uti
1313 2397 1384 2478 tale

223 2527 450 2606 observatum
478 2537 545 2603 est.
568 2567 593 2581 -
612 2526 719 2601 Serus
747 2521 802 2599 vel
830 2521 898 2624 ipsi
932 2522 1066 2599 romani
1099 2522 1287 2601 Pontifices
1315 2523 1383 2601 sibi

223 2651 292 2756 ipsi
320 2646 639 2739 contradixissent,
670 2645 731 2749 qui
760 2669 831 2722 non
860 2643 967 2722 semel
995 2645 1052 2722 vel
1080 2670 1142 2750 per
1170 2671 1207 2725 se
1237 2645 1290 2725 vel
1318 2670 1382 2750 per

222 2799 403 2854 sacrarum
441 2768 757 2873 congregationum
793 2767 977 2862 iudicium,
1016 2768 1188 2847 eiusmodi
1221 2769 1385 2872 coniugia

223 2899 324 2977 nulla
352 2921 392 2974 ac
412 2895 512 2974 irrita
542 2893 609 2998 ipsi
637 2893 869 2995 edixerunt(
899 2895 928 2996 ).

307 3029 369 3098 17.
401 3022 522 3096 lineo
551 3014 792 3120 autemquod
829 3015 960 3093 alicubi
994 3015 1114 3117 vigeat
1149 3014 1385 3094 tridentinum

224 3145 421 3238 decretum,
452 3141 539 3219 alibi
566 3154 685 3218 autem
713 3164 785 3216 non
812 3140 942 3241 vigeat,
959 3139 1135 3251 quaedam
1154 3152 1280 3244 sponte
1299 3165 1386 3218 ena-

224 3281 375 3348 scuntur
401 3265 630 3372 quaestiones
657 3289 720 3342 seu
748 3262 871 3358 dubia,
902 3289 993 3368 quae
1022 3278 1141 3343 tamen
1168 3265 1223 3343 vel
1252 3289 1295 3342 ex
1324 3264 1388 3344 de·

224 3392 434 3485 melonibus,
466 3389 521 3468 vel
549 3390 657 3467 etiam
685 3413 728 3466 en
755 3387 860 3466 dictis
893 3387 994 3467 lacile
1027 3389 1229 3467 diluuntur.
1251 3434 1275 3449 -
1295 3391 1386 3468 Hinc

224 3517 339 3597 veluti
366 3516 597 3607 consectaria,
629 3513 716 3591 haee
743 3511 896 3590 tenenda
924 3538 1002 3592 esse
1030 3539 1169 3592 censen.

307 3641 450 3720 Primo:
479 3638 619 3718 Incolae
648 3637 828 3738 regionum
848 3638 884 3714 in
911 3636 1044 3741 quibus
1063 3636 1296 3716 tridentinum
1324 3635 1387 3714 de-

224 3777 362 3843 cretum
390 3787 461 3841 non
479 3760 546 3839 luit
565 3760 825 3864 promulgatum
844 3774 907 3839 aut
921 3775 1102 3866 receptum
1121 3786 1192 3839 non
1211 3772 1279 3854 est,
1302 3757 1386 3838 dum

224 3887 317 3965 lorte
345 3897 527 3963 morantur
554 3884 609 3961 vel
638 3883 683 3962 ad
711 3884 825 3961 locum
854 3896 1041 3962 transeunt
1060 3884 1121 3963 ubi
1137 3884 1233 3988 viget
1252 3909 1293 3961 ac
1311 3908 1388 3962 ser-

223 4024 347 4106 vatur,
378 4009 507 4088 ibidem
536 4008 692 4086 invalide
720 4009 936 4087 contrahunt
950 4009 1212 4088 matrimonium
1233 4034 1304 4088 non
1323 4006 1388 4086 ad·
1471 4089 1478 4101 ,

300 4331 337 4403 (1)
356 4330 439 4388 Plura
468 4331 608 4388 eiusmodi
635 4329 803 4386 iudiciorum
824 4329 953 4400 exempla
973 4330 1038 4387 ride
1066 4331 1140 4402 apud
1161 4345 1189 4403 p.
1210 4334 1332 4389 Perrone
1350 4333 1389 4388 De

225 4420 363 4477 mamm.
383 4420 486 4479 chrmt.
508 4420 559 4477 lib.
579 4427 605 4476 2.
625 4424 689 4476 cert.
710 4423 735 4476 l.
755 4433 817 4490 cop.
838 4425 864 4474 6.
885 4425 945 4476 ort.
965 4425 991 4473 2.
1010 4419 1040 4490 §-
1060 4425 1087 4476 3.
