3444 5302
668 375 824 437 -ίῦ-

168 493 321 598 ingiam,
333 593 338 604 ι
351 493 449 600 quod
476 520 579 575 secus
598 497 861 603 aparentibus,
894 497 1074 580 tutoribus
1094 499 1150 579 vel
1168 500 1249 580 aliis
1267 499 1335 580 im·

168 617 407 724 pediebatur:
438 632 474 699 et
502 634 588 700 tunc
614 621 753 702 nullum
776 624 890 704 oritur
916 623 1222 730 impedimentum,
1252 649 1332 704 cum

169 745 289 850 potius
314 745 405 850 supa
423 771 503 824 cum
521 745 600 826 ciro
627 745 698 827 dici
725 746 855 828 debeat
875 747 921 827 ad
941 747 1203 830 matrimonium
1222 747 1334 830 libere

165 867 466 964 contrahendum,
496 896 604 976 quam
632 885 781 978 raptus:
811 873 897 954 etsi
925 885 1068 978 raptum
1090 872 1208 952 dimne
1227 871 1329 969 velis,

171 991 249 1072 iure
269 994 458 1090 communi,
481 995 532 1073 ait
551 995 723 1091 Sambon,
743 1009 868 1102 raptus
888 996 946 1075 hic
964 1023 985 1074 a
1004 995 1127 1101 poenis
1141 995 1329 1092 liberatur,

168 1127 210 1194 et
236 1115 317 1195 ideo
348 1119 456 1197 etiam
483 1117 529 1198 ab
556 1119 785 1198 inhabilitate
812 1119 1046 1200 contrahendi
1081 1119 1225 1226 nuptias
1254 1145 1332 1198 cum

173 1256 291 1347 rapta,
322 1241 503 1348 cacapite
529 1243 727 1350 penultimo
754 1243 798 1322 de
826 1241 1044 1350 raptoribus,
1070 1239 1336 1348 quodtriden·

174 1369 291 1447 unum
317 1393 389 1447 non
416 1369 574 1472 corrigit,
605 1381 646 1448 nt
668 1381 769 1474 patet
796 1393 840 1447 66
867 1379 1037 1446 contentu
1065 1367 1139 1472 (1).
1157 1411 1180 1428 -
1201 1365 1264 1445 Vel
1284 1391 1337 1444 aa·

171 1495 287 1576 cccdo
314 1495 435 1575 nulius
454 1493 498 1574 de
516 1495 653 1600 nuptiis
681 1507 884 1574 contractus
911 1505 1177 1600 praecesserat:
1209 1504 1245 1572 et
1269 1490 1336 1572 hoc

172 1621 211 1698 in
238 1643 324 1700 casn
353 1619 412 1724 (2)
441 1617 509 1698 olii
536 1632 674 1714 tenent,
705 1642 777 1698 non
805 1617 939 1697 incurri
968 1617 1260 1725 impedimentum
1279 1643 1337 1696 ra-

172 1757 272 1850 ptus,
301 1757 374 1824 tam
393 1743 423 1823 si
443 1744 570 1824 mulier
588 1743 755 1850 precihus
775 1745 1001 1850 importunis,
1033 1745 1089 1824 vel
1109 1745 1216 1824 etiam
1234 1743 1337 1824 donis

168 1881 210 1947 et
228 1869 381 1974 pecunia
408 1866 555 1946 inducta
574 1869 635 1962 sit,
665 1881 706 1946 ut
725 1869 926 1948 consentiat
944 1869 1000 1948 sui
1020 1866 1226 1947 abductioni
1247 1867 1338 1974 (nisi

178 1994 268 2074 iorte
288 2017 411 2098 preces
431 1992 513 2071 illae
540 1992 585 2072 ob
605 1992 793 2072 adiunctas
807 1991 922 2071 minas
941 1991 997 2071 vel
1016 2005 1148 2070 metum
1172 2015 1339 2072 reveren·

175 2117 295 2196 tialem
328 2115 607 2222 aequiparentur
638 2115 874 2221 violentiae),
914 2141 1021 2222 quam
1058 2113 1089 2194 si
1122 2115 1230 2194 etiam
1257 2113 1338 2196 dolo

174 2239 347 2346 falsisque
366 2239 548 2346 promissis
567 2241 793 2320 consentiens
812 2239 1026 2335 abducatur,
1054 2265 1134 2318 cum
1152 2237 1245 2317 adsit
1264 2237 1339 2316 oio-

172 2365 303 2454 lentio,
332 2364 492 2469 adeoque
511 2390 583 2443 non
602 2367 649 2442 sit
667 2365 808 2470 proprie
837 2377 962 2470 raptus
982 2361 1203 2442 inhabilitati
1223 2389 1244 2440 a
1263 2363 1341 2440 Tri÷

175 2491 324 2571 dentino
351 2501 509 2568 statutae
545 2487 721 2567 obnoxius
750 2486 822 2592 (3).
864 2485 938 2564 Atii
965 2499 1085 2566 autem
1122 2486 1339 2566 contrarium

174 2615 372 2694 sentientes
391 2611 534 2708 docent,
552 2609 711 2690 mulieris
729 2635 940 2690 consensum
959 2609 1068 2689 insui
1088 2609 1339 2689 abductionem

171 2765 255 2818 cum
284 2736 406 2816 nuilus
424 2735 617 2842 praeiverit
636 2733 680 2814 de
699 2734 922 2814 matrimonio
941 2733 1098 2814 ineundo
1116 2745 1335 2828 contractus,

172 2876 357 2943 extortum
384 2849 448 2966 per
475 2858 595 2938 dolum
614 2858 815 2965 praesumi3
847 2883 998 2963 cumque
1027 2883 1070 2936 66
1099 2881 1273 2937 consensu
1302 2857 1339 2936 in

174 3000 318 3090 raptum
347 2983 469 3063 inferri
498 2993 653 3087 nequeat
682 3007 875 3061 consensus
907 2981 946 3059 in
973 2979 1251 3074 matrimonium,
1283 3005 1342 3058 ra·

177 3123 279 3216 ptum
317 3107 477 3186 mulieris
514 3119 706 3212 utcumque
743 3105 896 3184 volentis
933 3103 1075 3184 decreto
1109 3101 1253 3182 Concilii
1288 3103 1345 3182 in-

173 3232 272 3314 cludi
301 3231 375 3338 (t).
407 3229 595 3308 Rationem
626 3242 745 3310 autem
779 3227 1022 3332 potissimam,
1058 3239 1343 3333 propterquam

249 3405 285 3482 (l)
306 3407 440 3465 Sanenez.
473 3404 550 3476 disp.
572 3409 615 3460 te.
635 3419 664 3459 6.
687 3409 735 3464 ttr
758 3433 788 3443 -
809 3401 939 3474 Pirotop
960 3400 978 3458 t.
999 3417 1023 3458 6.
1042 3417 1074 3458 6.
1094 3405 1144 3463 283
1165 3431 1198 3442 -
1219 3401 1339 3459 Leuren.

176 3496 200 3552 t.
221 3510 245 3551 6.
264 3511 294 3552 6.
317 3499 359 3552 tt.

251 3575 286 3658 (a)
306 3585 339 3642 ln
358 3597 417 3656 quo
436 3581 688 3656 comprehenditur
706 3587 734 3638 et
752 3578 1022 3652 solvitur·quaestio
1041 3577 1076 3636 de
1093 3585 1188 3652 copto
1205 3579 1345 3638 seductio·

174 3676 234 3740 nie,
257 3679 290 3730 ut
309 3687 375 3730 eum
395 3671 549 3744 appellant,
571 3685 622 3728 seu
640 3685 705 3726 enm
725 3669 828 3728 mulier
850 3669 1008 3738 blanditiis,
1029 3669 1198 3728 muneribus
1225 3677 1289 3734 etc,
1309 3669 1345 3726 ad

177 3769 321 3835 raptorem
342 3759 520 3832 sequendum
541 3757 698 3818 inducitur.
1374 3747 1377 3760 '

249 3847 287 3922 (3)
303 3847 428 3906 sanehaa
449 3848 468 3906 t.
488 3864 512 3905 6.
531 3864 561 3904 6.
584 3851 633 3910 tt,-
654 3877 687 3888 -
707 3845 826 3918 Pirhing
845 3844 864 3902 t.
884 3860 907 3900 6.
928 3861 959 3901 6.
978 3848 1030 3908 tm·
1050 3875 1085 3886 -
1103 3847 1179 3904 666.
1199 3844 1233 3900 cte
1251 3849 1343 3902 metr.

174 3953 200 3994 6.
221 3944 265 3994 66.
285 3953 338 3994 66.
361 3941 441 3993 tt-tt
460 3937 538 3994 citati
558 3951 573 3992 a
594 3935 733 3994 Leurenio
753 3933 773 3990 t.
793 3949 816 3990 6.
837 3949 868 3988 6.
891 3937 934 3990 to.

249 4025 283 4098 (4)
296 4026 344 4084 Cir
356 4026 480 4098 Rigantii
499 4024 709 4084 commentaria
729 4024 760 4080 in
778 4022 878 4094 licoat.
899 4025 995 4080 corut.
1015 4029 1040 4080 ct
1060 4023 1198 4080 ordinet.
1219 4021 1346 4080 conecti.

178 4117 276 4186 apost.
297 4145 331 4156 -
349 4113 450 4186 Regni.
471 4119 514 4171 ta.
535 4129 566 4170 6.
587 4117 620 4170 rt
646 4119 672 4170 et
689 4125 765 4184 cepo.
795 4111 846 4168 ubi
873 4110 1006 4182 pluribus
1031 4111 1106 4168 hanc
1129 4111 1223 4168 ttrmat
1248 4111 1347 4170 distin·

177 4201 315 4268 ctionem,
329 4201 438 4259 seilicet
451 4215 509 4259 non
523 4201 632 4260 incurri
647 4207 744 4272 raptus
761 4199 995 4272 impedimentum
1010 4199 1131 4256 mutiero
1143 4199 1348 4264 consentiente,

180 4291 207 4345 si
227 4289 410 4360 praecesserit
428 4290 462 4348 de
481 4289 664 4347 matrimonio
684 4285 809 4345 ineundo
834 4293 986 4354 tractatus;
1007 4287 1115 4360 incurri
1136 4289 1160 4345 si
1186 4291 1244 4345 non
1270 4301 1353 4360 prae·

178 4380 310 4437 cesserit.
