3406 5302
173 533 347 639 probante
374 534 490 614 iudice
518 537 555 613 in
583 536 673 615 actis
704 560 768 614 seu
795 534 834 612 in
861 531 992 612 iudicio
1027 543 1244 637 praestatur,
1274 526 1332 604 vel
1454 617 1455 622 Ν

172 659 280 738 etiam
307 658 402 763 quod
441 659 597 764 pertinet
629 657 673 737 ad
702 684 828 738 causas
865 655 1051 739 iudiciales
1087 680 1151 734 seu
1188 652 1333 758 respicit

174 783 357 862 iudicium.
381 830 405 844 -
425 782 701 862 Extraiudiciale
730 796 849 862 autem
878 779 1027 860 dicimus
1045 778 1141 885 quod
1157 791 1258 857 extra
1278 776 1334 854 iu·

174 908 305 987 dicium
332 908 522 988 emittitur.

253 1044 317 1114 23.
349 1035 466 1113 Missis
494 1060 598 1140 porro
626 1034 735 1111 variis
772 1032 948 1111 iudicialis
981 1032 1170 1110 iuramenti
1198 1029 1336 1135 specie-

175 1161 242 1239 bus
270 1159 345 1265 (t),
375 1185 468 1266 quae
496 1159 534 1240 in
561 1158 679 1247 causis
705 1157 1028 1242 matrimonialibus
1046 1158 1160 1245 loeum
1180 1156 1336 1262 plerum-

174 1309 244 1388 que
271 1308 342 1362 non
372 1283 521 1377 habeut,
553 1284 790 1367 iuramentum
816 1282 913 1388 quod
941 1283 979 1365 ia
1007 1282 1103 1362 hisee
1123 1284 1240 1360 causis
1260 1296 1334 1360 tum

175 1435 195 1485 a
222 1409 387 1514 partibus
415 1421 490 1486 tum
518 1434 538 1485 a
567 1407 720 1487 testibus
748 1408 921 1525 praestari
941 1405 1061 1501 debet,
1079 1419 1134 1484 est
1153 1399 1354 1485 iuramen-¹

177 1544 252 1610 tam
280 1531 460 1620 veritatis,
488 1557 552 1611 seu
580 1531 625 1610 de
652 1532 802 1611 veritate
830 1531 996 1625 dicenda,
1031 1556 1138 1636 quam
1166 1545 1202 1610 et
1229 1545 1337 1638 prout

174 1658 256 1763 quis
286 1658 398 1754 novit,
429 1672 470 1739 ut
498 1683 606 1764 supra
634 1657 829 1737 innuimus.
852 1661 928 1738 Hoc
945 1656 1067 1762 itaque
1086 1654 1337 1735 iusiurandum

176 1784 271 1864 cadit
307 1785 345 1863 in
372 1783 423 1862 rei
459 1809 524 1863 seu
560 1783 645 1862 lacti
681 1782 881 1870 scientiam,
921 1808 993 1861 non
1029 1808 1113 1862 vero
1140 1784 1178 1862 in
1205 1809 1336 1868 moram

176 1907 437 1994 credulitatem,
465 1908 550 2011 quia
578 1907 710 1989 ueritas
728 1933 791 2013 per
813 1907 902 1986 illud
930 1906 1102 1987 asseritur
1128 1909 1229 1987 iuxta
1262 1933 1339 1987 cen
1399 1942 1402 1948 ·

178 2050 250 2115 tam
278 2034 477 2127 scientiam,
516 2058 608 2138 quae
636 2032 680 2112 de
708 2057 746 2112 re
774 2057 838 2111 seu
875 2030 968 2111 iacto
1005 2031 1050 2111 ab
1078 2057 1120 2110 eo
1150 2034 1213 2138 qui
1242 2032 1338 2112 iurat

178 2165 345 2258 babetur,
376 2190 419 2242 ex
446 2161 564 2241 causis
591 2174 627 2241 et
654 2161 765 2264 siguis
791 2160 972 2267 profluens
990 2162 1214 2256 necessariis,
1244 2187 1337 2267 quae

181 2316 298 2370 rerum
334 2292 494 2393 inspecta
523 2301 665 2382 natura,
696 2287 800 2366 aliter
832 2312 909 2367 esse
945 2301 1143 2392 nequeunt.
1165 2331 1190 2350 ··
1209 2290 1337 2367 Contra

179 2440 277 2508 vero,
308 2411 531 2493 credulitatis
558 2412 759 2490 iuramento
785 2413 919 2490 veritas
945 2413 1118 2491 asseritur
1148 2411 1339 2518 opinionis,

180 2565 287 2645 quam
315 2538 359 2618 de
387 2564 425 2617 re
453 2564 516 2617 seu
535 2537 628 2616 iacto
643 2536 830 2616 habemus.
852 2540 949 2625 Quae
967 2535 1161 2616 credulitas
1180 2561 1244 2616 seu
1263 2537 1340 2641 opi-

181 2664 253 2758 nio,
284 2665 315 2742 si
343 2659 567 2742 rationabilis
595 2661 656 2756 sit,
686 2686 758 2740 non
786 2662 993 2749 temeraria,
1013 2662 1176 2767 quamvis
1203 2686 1340 2742 omnem

180 2787 324 2893 quidem
351 2789 542 2893 practicam
560 2802 597 2868 et
616 2786 789 2867 actualem
809 2786 888 2865 lalsi
907 2786 1075 2865 eretudat
1101 2786 1336 2882 formidinem,

182 2939 259 2994 aum
296 2927 416 2993 tamen
453 2937 524 2992 uon
551 2938 595 2992 er
623 2911 787 2992 evidente
825 2910 887 2990 sed
915 2938 959 2991 err
996 2911 1171 3018 probabili
1200 2925 1340 2991 tantum

183 3037 317 3118 oriatur
336 3037 387 3117 rei
406 3037 619 3140 cognitione,
651 3036 735 3115 bine
762 3061 833 3114 non
860 3050 1051 3141 repugnat,
1081 3061 1154 3115 rem
1177 3036 1283 3115 aliter
1304 3061 1341 3115 se

184 3162 315 3243 habere
343 3163 416 3266 (2).
438 3162 538 3240 -Sic
566 3161 603 3242 iu
626 3162 787 3240 examine
815 3161 983 3266 septimae
1015 3185 1142 3239 macas
1169 3186 1234 3240 seu
1261 3185 1343 3267 sep

186 3302 255 3369 tem
291 3287 571 3393 propinquorum
607 3287 796 3390 utriusque
832 3286 994 3389 coniugis
1030 3285 1076 3364 ad
1108 3286 1254 3367 iormam
1280 3286 1344 3366 de-

185 3413 326 3493 cretalis
354 3413 500 3492 Honorii
529 3415 583 3491 lll
611 3411 684 3515 (3),
716 3411 884 3514 coniuges
897 3413 1018 3492 iurant
1033 3411 1077 3491 de
1096 3412 1243 3495 scientia
1257 3437 1344 3518 pro-

180 3536 282 3642 pria,
311 3562 350 3622 se
377 3562 441 3642 per
468 3537 661 3617 triennium
696 3535 947 3615 cohabitantes
974 3561 1046 3616 non
1083 3536 1252 3616 babuisse
1280 3562 1344 3643 po-

188 3663 333 3742 tentiam
361 3661 534 3757 coeundi;
556 3706 581 3722 -
600 3674 709 3775 testes
736 3687 820 3740 vero
852 3661 1024 3766 septimae
1051 3685 1179 3746 manus
1206 3661 1341 3757 iurant,

184 3788 254 3870 sibi
281 3788 471 3870 verisimile
498 3812 575 3868 esse
602 3801 639 3866 et
666 3785 821 3871 credere,
848 3786 1031 3888 coniuges,
1053 3785 1223 3889 religione
1249 3798 1345 3866 ceto-

256 4091 292 4165 (1)
312 4095 350 4150 tte
362 4093 408 4150 his
427 4088 616 4153 divisionibus
636 4105 687 4152 seu
700 4090 850 4167 speciebus
864 4086 1006 4153 iudicialis
1020 4088 1172 4154 iuramenti
1186 4089 1249 4154 inse
1259 4090 1348 4154 disse-

186 4188 255 4239 runt
273 4182 451 4241 canonistae.
479 4185 526 4242 ctr
546 4185 718 4243 Laureolum
746 4185 797 4243 tib.
818 4192 845 4244 a
866 4186 912 4244 tit.
934 4191 978 4245 24.
1005 4201 1070 4260 cap.
1099 4192 1125 4243 t.
1150 4193 1345 4260 quaestam.

184 4278 212 4328 et
231 4286 245 4326 a
299 4312 306 4326 .

245 4287 295 4434 epp)
314 4365 455 4432 Uinnius,
477 4365 587 4429 tluller,
609 4366 748 4434 Baclrov„
769 4366 895 4424 Menocb.
915 4364 1036 4426 citatio
1055 4367 1289 4429 lamentatore.

258 4452 293 4526 (3)
312 4456 380 4526 Cap.
402 4454 517 4515 litterae
534 4463 644 4516 coatrae
662 4461 688 4523 7,
710 4456 745 4514 de
762 4455 836 4528 stip.
849 4464 876 4517 et
893 4459 993 4531 males.
