3456 5300
862 477 900 492 ...
923 445 961 508 42
982 479 1020 494 .-

357 570 457 648 nium
484 569 529 650 de
548 570 628 650 iore
646 569 894 650 ecclesiastico:
928 579 964 648 1⁰
978 572 1072 650 inter
1090 569 1291 648 ministrum
1311 565 1523 644 sacramenti

357 707 392 773 et
420 695 621 776 subiectum
649 694 828 800 huiusque
857 695 1049 797 genitores,
1071 719 1135 774 seu
1155 693 1248 772 inter
1277 689 1520 795 baptizantem

358 817 413 898 vel
442 818 709 898 confirmantem
737 841 781 897 ex
810 843 881 895 una
910 830 1026 922 parte,
1057 831 1093 896 et
1121 815 1343 922 baptizatum
1366 812 1523 892 velcon-

360 942 538 1023 firmatum
566 957 603 1027 et
621 942 794 1048 baptizati
814 943 870 1023 vel
890 942 1086 1022 confirmati
1106 955 1243 1048 patrem
1263 951 1298 1019 et
1312 950 1460 1016 matrem
1479 961 1523 1016 err

359 1067 485 1164 altera3
507 1113 531 1126 -
552 1075 590 1146 2⁰
608 1066 702 1146 inter
729 1067 911 1172 patrinum
939 1067 994 1146 vel
1022 1067 1210 1146 matrinam
1230 1091 1274 1144 er
1294 1087 1366 1142 uno
1394 1062 1520 1156 latere,

358 1205 395 1270 et
422 1191 565 1270 filiolam
593 1191 649 1270 vel
678 1190 825 1269 filiolum
852 1217 1048 1297 eorumque
1076 1189 1254 1294 genitores
1283 1213 1327 1266 ex
1356 1187 1483 1266 altero.

439 1322 501 1392 16.
539 1311 758 1392 Secundum:
786 1313 911 1394 Plures
939 1314 1173 1420 requiruntur
1204 1309 1440 1406 conditiones,
1482 1321 1525 1387 ut

359 1438 492 1546 patrini
521 1437 743 1543 spiritualem
762 1439 977 1519 contrahant
996 1439 1255 1542 cognationem,
1278 1435 1413 1514 scilicet
1435 1444 1469 1512 l⁰
1483 1445 1526 1512 ιιι

357 1563 430 1642 sint
457 1560 644 1666 baptizati,
676 1587 778 1640 secus
806 1561 900 1642 enim
928 1561 1106 1641 Ecclesiae
1134 1561 1282 1664 eiusque
1307 1557 1460 1661 legibus,
1485 1556 1520 1634 vi

356 1709 509 1793 quarunt
538 1684 605 1763 hoc
638 1683 930 1790 impedimentum
957 1697 1133 1764 statutum
1161 1683 1243 1778 luit,
1270 1680 1422 1760 subiecti
1450 1705 1522 1758 non

358 1822 457 1904 sunt,
488 1822 525 1888 et
552 1821 811 1914 consequenter
838 1811 1025 1913 incapaces
1053 1805 1316 1886 contrahendae
1335 1808 1522 1908 coguatio·

357 1933 414 2012 nis
449 1931 647 2038 spiritualis
676 1931 750 2038 (1);
775 1942 812 2010 2⁰
832 1945 872 2012 ut
908 1933 981 2012 sint
1018 1932 1166 2010 rationis
1203 1943 1396 2035 compotes,
1435 1927 1521 2032 quia

358 2059 521 2164 quamvis
549 2056 648 2135 nulla
676 2069 775 2136 aetas
805 2056 849 2136 ad
878 2057 945 2136 hoc
972 2058 1019 2135 sit
1038 2083 1058 2134 a
1074 2056 1150 2135 iure
1178 2055 1430 2151 determinata,
1452 2079 1524 2132 non

359 2195 479 2263 essent
507 2197 627 2262 tamen
655 2183 812 2261 muneris
840 2183 973 2288 patrini
1001 2207 1148 2286 capaces
1181 2181 1243 2285 qui
1276 2180 1427 2260 rationis
1453 2205 1522 2258 usu

358 2319 521 2386 carerent
549 2307 633 2412 (2);
656 2351 679 2364 -
700 2316 737 2385 3ο
765 2321 807 2384 ut
835 2306 1069 2386 intentionenr
1093 2331 1157 2384 seu
1177 2308 1334 2384 animum
1363 2303 1521 2384 babeant

359 2429 577 2535 suscipiendi
605 2453 668 2508 seu
696 2427 825 2531 agendi
854 2454 983 2508 munus
1010 2428 1158 2534 patrini,
1181 2427 1341 2534 adeoque
1356 2452 1428 2506 uon
1447 2425 1525 2506 sul·-

359 2553 432 2632 iicit
459 2578 554 2632 mere
590 2553 821 2632 materialiter
848 2551 967 2632 levare
994 2577 1014 2630 e
1042 2577 1142 2630 sacro
1170 2550 1285 2647 lonte;
1316 2577 1523 2657 quanquam

357 2703 429 2756 nou
458 2677 662 2782 requiratur
689 2691 730 2755 ut
758 2677 993 2757 intentionem
1008 2675 1164 2756 habeant
1192 2675 1426 2756 contrahendi
1446 2675 1522 2782 spi-

357 2801 522 2880 ritualem
537 2803 795 2904 cognationem,
812 2825 904 2905 quae
923 2825 1003 2883 cum
1022 2801 1068 2881 ab
1082 2801 1259 2880 Ecclesiae
1278 2814 1428 2896 statuto,
1452 2825 1524 2878 non

359 2951 379 3001 a
407 2925 592 3004 voluntate
610 2923 744 3029 patrini
759 2922 927 3029 pendeat,
945 2925 1054 3004 etiam
1073 2925 1118 3004 ab
1138 2924 1325 3028 ignorante
1343 2925 1521 3004 ueletiam

358 3077 379 3126 a
406 3049 564 3143 nolente,
595 3049 625 3125 si
654 3046 698 3125 de
725 3061 842 3126 cetero
862 3047 1097 3128 intentionem
1117 3063 1217 3151 gerat
1235 3045 1423 3126 exercendi
1441 3071 1522 3126 mu·

358 3195 427 3248 nus
454 3169 602 3275 patrini,
637 3168 862 3248 contrabitur
891 3170 905 3272 (
935 3167 970 3270 );
994 3215 1018 3230 -
1039 3177 1075 3247 4⁰
1103 3183 1144 3249 ιιι
1171 3183 1432 3250 sacramentum
1459 3169 1524 3248 ba-

357 3294 479 3401 ptismi
507 3293 563 3372 vel
591 3293 868 3372 confirmationis
895 3292 1003 3374 luerit
1032 3293 1149 3374 valide
1173 3294 1355 3389 collatum,
1385 3294 1470 3398 quia
1489 3294 1520 3372 si
1545 3367 1547 3372 .

358 3443 430 3497 non
457 3417 624 3497 subsistit
659 3417 870 3522 principale,
908 3417 1005 3524 quod
1024 3431 1080 3496 est
1099 3431 1373 3512 sacramentum,
1403 3441 1520 3522 neque

358 3541 609 3635 accessorium,
645 3565 771 3646 nempe
807 3541 984 3644 cognatio,
1021 3541 1216 3622 subsistere
1244 3553 1362 3646 potest
1390 3541 1405 3644 (
1434 3541 1464 3644 ).
1497 3583 1521 3602 -

357 3667 450 3744 Hinc
477 3689 593 3771 neque
620 3663 843 3769 spiritualem
862 3667 1107 3768 cognationem
1126 3665 1343 3745 contrahunt
1366 3666 1440 3744 sire
1458 3665 1521 3770 qui

358 3789 490 3894 patrini
518 3789 574 3869 vel
603 3783 776 3867 matrinae
805 3787 959 3868 officium
993 3804 1161 3870 exercent
1192 3787 1278 3868 dum
1306 3789 1519 3895 supplentur

428 3999 468 4076 (l)
482 4001 604 4076 'Barbos
627 3999 730 4056 Sancb.
753 4000 829 4056 Pirb.
851 4003 949 4070 Laym.
969 4001 1045 4058 citati
1065 4017 1080 4058 a
1102 3999 1241 4058 Laurento
1260 4007 1374 4070 quaeat.
1393 4004 1454 4066 209,
1472 3999 1521 4056 ubi

360 4089 502 4148 illationes
522 4089 594 4144 scitu
613 4087 748 4159 perutiles
768 4089 863 4158 quoad
882 4089 1027 4146 infidelem
1048 4090 1235 4161 baptizantem
1261 4090 1350 4146 filiam
1371 4088 1473 4156 tidelis,
1493 4095 1521 4145 et

359 4179 454 4250 quoad
470 4177 580 4234 fidelem
602 4175 790 4248 baptizantem
810 4175 855 4234 vel
877 4176 1018 4233 levantem
1038 4192 1054 4234 a
1072 4191 1153 4236 sacro
1172 4180 1249 4236 tonte
1268 4179 1361 4236 lilium
1386 4177 1521 4236 infidelis.

429 4265 462 4336 (2)
478 4263 598 4334 Pirbing
613 4262 664 4320 lib.
681 4269 706 4318 ι.
722 4265 771 4320 ιιι.
785 4267 828 4318 ιι.
843 4279 874 4320 ιι.
887 4269 933 4321 at.
947 4264 1038 4320 citans
1049 4267 1174 4324 Sancbez
1190 4266 1243 4324 ltb¹
1258 4271 1284 4322 7.
1297 4265 1373 4338 disp.
1389 4270 1434 4321 tl.
1447 4281 1476 4321 ιι.
1492 4271 1519 4322 5·

429 4352 464 4424 (3)
483 4353 609 4408 Sanebez
629 4351 681 4408 tto.
701 4358 728 4407 7.
748 4351 824 4424 disp.
845 4359 889 4410 58.
909 4367 940 4410 ιι.
963 4359 989 4408 t.

430 4441 466 4512 (tl
488 4441 603 4512 Pirhing
625 4440 675 4497 lor.
695 4442 744 4497 ιιι.
765 4455 796 4496 ιι.
816 4445 851 4496 36
871 4456 935 4499 eum
960 4443 1118 4499 communi.
