3406 5302
638 463 811 524 -ffid-

113 585 274 703 ¹directa
304 587 405 688 signa
434 611 642 680 consensus,
674 589 725 667 uti
755 591 907 694 quisque
937 591 989 668 rel
1019 593 1142 671 saitem
1172 595 1301 698 aliquis

141 734 261 788 eorum
291 710 426 815 absque
455 709 563 788 dubio
591 709 732 790 fecisset
752 711 781 790 si
800 737 891 816 quae
910 717 1140 818 percepisset.
1164 720 1301 795 Revera

141 834 254 912 Titius
282 833 418 938 inquit:
451 841 554 911 Forte
581 841 672 912 nord
700 835 840 913 chinaco
867 835 895 912 ii
931 861 1038 941 enpo,·
1066 863 1124 915 mo
1162 842 1196 918 io
1233 865 1301 918 non

142 957 218 1036 nidi
246 961 382 1062 (Actor.
415 955 474 1036 iol.
508 959 589 1062 et).

222 1091 285 1160 Ἡ.
317 1087 439 1187 Neque
468 1081 511 1160 ad
541 1083 694 1162 valorem
709 1087 921 1163 matrimonii
941 1099 1034 1164 certo
1052 1089 1299 1168 sustinendum

141 1229 183 1283 ex
213 1205 373 1310 principe
414 1207 530 1311 eapite
559 1209 971 1311 consensusooniugere
1005 1211 1142 1290 utiliter
1176 1237 1302 1318 possu-
1340 1293 1343 1300 ,

141 1353 220 1406 mus
248 1329 292 1406 ad
322 1355 362 1407 eu
391 1343 613 1432 argumenta,
655 1332 757 1435 queis
785 1345 821 1410 et
848 1347 965 1410 cetera
999 1333 1125 1412 similia
1160 1338 1302 1440 negotia

139 1452 282 1556 probari
302 1452 431 1547 solent,
455 1453 648 1557 dequibus
668 1455 1078 1560 Schmaizgruebordib.
1107 1467 1143 1536 d.
1176 1460 1234 1537 tit.
1260 1471 1296 1538 1.

142 1601 240 1654 num.
273 1579 380 1682 233).
404 1582 460 1656 Ita
488 1603 558 1656 non
588 1579 632 1656 ad
652 1579 794 1684 publice
814 1594 967 1682 regesta,
991 1607 1053 1660 seu
1074 1582 1203 1662 librum
1224 1611 1300 1661 ma-

141 1703 409 1797 trimoniorum,
440 1707 594 1809 quippe,
625 1704 733 1782 etiam
764 1687 1045 1809 praescindendo
1078 1733 1098 1782 a
1134 1707 1302 1787 salsitati-

141 1835 230 1932 hus,
261 1835 393 1940 quibus
427 1837 582 1916 inficitur
610 1837 859 1916 documentum
889 1837 932 1916 de
962 1839 1027 1917 hoc
1056 1837 1297 1936 matrimonio,

140 1984 247 2036 manu
286 1959 382 2048 Titii,
423 1960 579 2038 dictante
621 1961 788 2065 parocho,
829 1961 865 2038 in
902 1987 943 2040 eo
984 1963 1074 2042 libro
1116 1979 1300 2042 exaratum

140 2081 277 2187 (detor.
309 2081 370 2160 iol.
404 2085 485 2186 Ἡ),
518 2083 607 2161 nihil
628 2085 664 2160 in
684 2109 725 2160 eo
744 2085 920 2190 parochus
948 2112 1055 2190 super
1073 2099 1197 2164 mutuo
1216 2110 1301 2166 oon-

143 2203 360 2282 trahentium
398 2230 573 2284 consensu
608 2221 761 2285 testatur
794 2203 867 2311 (Cir
900 2205 1011 2309 Alieg.
1047 2209 1107 2311 Y),
1139 2211 1301 2310 quamvis

140 2329 324 2408 debuisset
352 2331 410 2433 (n.
449 2339 470 2410 5
497 2332 677 2435 prnee.);
700 2374 723 2389 -
744 2349 815 2407 non
842 2329 887 2408 ad
903 2331 1091 2433 coniugum
1108 2330 1302 2409 confessio-

141 2479 221 2532 nem
250 2481 342 2558 quae
371 2455 548 2534 contraria
577 2469 653 2550 est3
678 2501 701 2513 -
721 2480 792 2531 non
820 2455 864 2532 ad
881 2455 1082 2533 iudicialem
1110 2453 1303 2558 depositio-

141 2605 221 2657 nem
240 2579 395 2683 ¹parochi
424 2581 485 2682 qui
514 2605 532 2656 e
560 2581 634 2658 vito
672 2577 856 2681 migrarit,
887 2580 975 2684 quin
1013 2577 1120 2658 inerit
1147 2577 1301 2657 examini

5 2715 7 2748 ³
141 2705 372 2810 suppositus;
396 2750 419 2762 -
439 2729 510 2781 non
538 2701 582 2780 ad
612 2703 868 2807 depositionem
887 2705 1046 2798 testium,
1067 2707 1129 2807 qui
1149 2728 1302 2808 sponsae

139 2807 351 2906 eonsensum
379 2851 450 2906 non
488 2839 742 2932 perceperunt;
766 2873 790 2886 -
810 2851 882 2904 non
918 2825 1071 2932 denique
1107 2827 1151 2905 ad
1180 2827 1301 2932 plures

138 2951 231 3029 iuris
256 2953 577 3057 praesumptiones,
597 2951 650 3030 uti
670 2965 765 3029 esset
778 2951 931 3029 carnalis
950 2951 1075 3058 copula
1095 2965 1175 3056 post
1194 2977 1301 3056 spon-

5 3071 7 3150 ἶ
138 3075 229 3152 salia
258 3075 420 3153 absolute
449 3074 551 3168 inita,
584 3073 798 3176 Schmeingr.
831 3073 876 3178 (i.
908 3100 938 3151 c.
971 3099 1069 3152 nunt.
1098 3075 1204 3176 115),
1225 3074 1302 3152 Pir-

138 3199 227 3301 hing
257 3200 348 3303 (eod.
382 3199 438 3277 tc't.
472 3225 508 3276 n.
541 3199 609 3302 27)
638 3211 674 3276 et
701 3198 770 3274 alia
808 3198 1010 3277 huiusmodi
1042 3199 1146 3304 plura
1174 3225 1194 3275 a
1223 3201 1297 3276 DD.

5 3311 6 3322 Ν
138 3339 265 3403 notata
294 3349 336 3401 er
366 3323 476 3401 sacris
504 3322 715 3400 canonibus
747 3325 925 3410 Quantum
953 3324 1046 3400 enim
1080 3323 1149 3400 iuri
1177 3347 1303 3402 conso-

5 3469 7 3542 ζ
137 3475 226 3528 num
246 3463 324 3528 erat
343 3449 387 3526 ad
407 3449 714 3553 praesumptiones
732 3445 920 3550 coningere
936 3462 1018 3527 ante
1038 3447 1298 3545 tridentinum,

5 3597 7 3600 ·
135 3572 285 3677 quando
314 3597 439 3678 nempe
467 3569 687 3649 claudestina
716 3569 953 3666 matrimonia,
972 3571 1136 3674 quamuis
1161 3573 1298 3668 illicita,

5 3763 7 3784 2
136 3711 245 3774 erant
265 3707 383 3774 tamen
405 3693 535 3787 trutina,
560 3707 599 3771 ut
619 3693 674 3771 vel
697 3693 802 3772 hodie
823 3693 884 3772 ubi
905 3693 1084 3773 decretum
1104 3695 1300 3773 Tridentini

5 3803 7 3852 ³
137 3845 212 3896 non
232 3821 328 3920 viget
343 3819 418 3924 (Cir
433 3817 649 3922 Schmulngr.
668 3817 693 3896 Ι.
713 3844 745 3896 c.
764 3843 801 3896 n.
821 3818 930 3922 23¹0:
945 3832 1084 3898 tantum
1099 3817 1212 3896 eidem
1229 3819 1298 3896 iuri

6 3951 7 3954 ’
135 3958 319 4049 repugnat
339 3943 382 4021 ad
412 3945 718 4048 praesumptiones
737 3967 918 4021 recurrere
947 3955 1027 4046 post
1055 3941 1300 4020 Tridentinum

7 4167 8 4170 p
134 4065 333 4146 Concilium
366 4065 517 4170 «quod,
549 4079 588 4143 ut
617 4065 734 4169 inquit
752 4063 923 4159 Barbosa,
946 4063 1094 4143 abstulit
1122 4065 1303 4142 matrimo-

134 4191 196 4268 nia
224 4201 476 4298 praesumpto,
505 4201 537 4266 et
565 4188 677 4266 solnm
705 4213 747 4266 eo
774 4185 893 4266 coiere
920 4185 1047 4274 voluit,
1077 4189 1218 4294 quaein
1246 4185 1304 4264 in-

134 4315 233 4395 dicio
257 4313 407 4420 probari
431 4325 612 4419 possent»
642 4313 710 4416 (De
737 4311 796 4416 σῇ.
828 4323 861 4389 et
885 4323 961 4416 pot.
990 4312 1108 4417 Epist.
1136 4321 1237 4415 port.
1261 4317 1299 4387 2.

134 4437 248 4542 olleq.
281 4447 345 4516 33.
378 4461 415 4514 n.
451 4436 748 4541 cineremq).
1221 4448 1227 4462 ·

189 4563 333 4606 tanmem.
348 4559 382 4604 De
395 4555 590 4618 impedimentis.
1225 4559 1251 4600 lc
