3424 5300
884 515 921 528 -
944 483 1000 544 tou
1023 514 1059 528 -

394 609 530 690 actibus
558 610 750 691 invaluerit
777 610 851 716 (t).
884 614 968 688 Iura
996 609 1172 715 siquidem
1201 609 1389 714 requirunt
1417 605 1561 712 inopum

394 748 527 842 tempus
556 736 601 815 ad
630 735 830 814 habendam
858 735 911 814 uti
940 735 1094 837 legitime
1122 735 1378 840 praescriptam
1409 757 1566 811 consue·

393 861 573 958 tudinem;
596 859 696 966 atqui
716 861 920 941 decennium
941 860 978 937 in
999 859 1075 936 iure
1096 869 1150 936 est
1170 855 1313 961 ionpum
1330 855 1498 961 ternpus(
1526 854 1556 959 ).

472 990 517 1066 tt
536 1009 618 1064 vero
638 997 855 1090 compertum
875 981 1043 1075 babetur,
1066 1007 1137 1061 non
1152 981 1314 1060 sufficere
1329 979 1556 1075 decennium,

393 1106 453 1186 sed
491 1107 625 1212 requiri
657 1107 812 1213 spatium
845 1105 1088 1212 quodropiute
1119 1129 1294 1183 annorum
1329 1117 1392 1183 aut
1425 1115 1558 1208 tempas

392 1231 639 1338 ionpius‚·ubi¹
664 1258 707 1310 ex
736 1231 965 1334 abrogatione
993 1231 1084 1333 legis
1109 1228 1298 1309 canonicae
1326 1252 1390 1333 per
1409 1253 1559 1306 consue·

392 1357 553 1436 tudinem
582 1356 727 1434 obtenta
756 1355 908 1434 oriretur
936 1353 1193 1458 praeiudicium
1222 1379 1285 1432 seu
1313 1351 1596 1466 detruderetur·-

391 1482 466 1559 iuri
493 1480 651 1584 quaesito
680 1480 777 1557 tertii
807 1503 932 1584 nempe
961 1477 1139 1556 Ecclesiae
1168 1477 1183 1580 (
1212 1475 1241 1582 ).

474 1613 509 1682 5.
541 1608 657 1693 Quare
685 1627 730 1680 ne
759 1615 890 1681 temere
919 1601 1070 1680 [acuitas
1089 1601 1262 1706 Episcopo
1282 1613 1465 1680 astruatur
1484 1598 1560 1678 dis·

391 1726 567 1832 pensandi
595 1727 640 1804 ab
668 1725 788 1832 aliquo
825 1725 1012 1805 dirimente
1046 1723 1297 1830 impedimento
1325 1724 1359 1802 vi
1389 1723 1556 1804 inductae

392 1850 669 1936 consuetudinis,
698 1875 782 1954 prae
811 1849 923 1928 oculis
950 1849 1115 1928 habenda
1144 1861 1228 1927 sunt
1257 1874 1297 1928 ac
1325 1849 1449 1928 sedulo
1469 1874 1562 1955 pen·-

392 1973 517 2068 sanda,
561 1999 654 2078 quae
683 1973 750 2051 bac
787 1963 863 2077 ipsa
891 1972 929 2049 in
970 1972 1179 2077 quaestione
1216 1971 1341 2051 scribit
1376 1972 1560 2051 benedic·

391 2111 449 2176 tus
476 2101 556 2176 XIV
586 2096 663 2202 (t):
699 2101 785 2176 «tt
812 2095 919 2176 etiam
948 2094 1033 2174 dato
1061 2096 1097 2173 in
1126 2097 1280 2201 aliquam
1301 2095 1488 2177 dioecesim
1508 2097 1558 2175 ir·

391 2225 543 2326 repsisse
572 2220 878 2314 consuetudinem,
897 2219 955 2297 ‘de
983 2245 1053 2324 qua
1082 2221 1310 2299 contenditur
1328 2235 1369 2300 ut
1396 2246 1556 2327 peream

391 2345 555 2424 collatum
584 2345 743 2423 dicamus
772 2347 945 2450 Episcopo
973 2343 1168 2446 legitimum
1194 2345 1249 2423 ius
1276 2344 1460 2424 auferendi
1490 2347 1560 2422 im·

342 2515 344 2522 ,
390 2466 592 2573 pedimeuta
621 2467 728 2570 (idest
755 2467 798 2546 ab
825 2469 869 2545 iis
898 2465 1184 2572 dispensandi)a
1212 2469 1374 2547 Consiliis
1394 2493 1557 2548 oecume-

390 2589 478 2671 nicis
507 2602 571 2670 aut
599 2617 618 2669 a
639 2592 790 2670 Summis
809 2591 1042 2670 Pontificibus
1062 2591 1221 2688 inducta,
1244 2591 1434 2695 diiigenter
1453 2593 1554 2697 prius

389 2713 663 2795 examinandum
701 2731 769 2812 est,
810 2743 855 2793 an
894 2743 935 2794 ea
972 2717 1192 2796 consuetudo
1230 2741 1350 2794 omnes
1388 2717 1553 2795 habuerit

388 2841 610 2920 conditiones
638 2843 871 2936 necessarias,
895 2854 935 2918 ut
953 2843 1109 2946 potuerit
1138 2841 1341 2946 praevalere
1378 2839 1447 2944 legi
1470 2841 1556 2945 Epi-

388 2991 494 3070 scopo
530 2963 709 3043 iobibenti
738 2990 781 3043 ne
821 2963 1020 3069 Superioris
1053 2977 1227 3042 statutum
1258 2963 1450 3067 intringere
1489 2977 1550 3042 aut

387 3111 530 3192 quoquo
558 3085 660 3168 modo
675 3087 834 3166 relaxare
863 3099 1082 3191 praesumat.
1101 3085 1352 3176 -Quinimmo
1370 3112 1450 3164 cum
1471 3085 1553 3166 talis

387 3209 607 3289 consuetudo
636 3235 706 3288 non
734 3211 847 3289 solum
868 3210 993 3289 tendat
1021 3209 1066 3288 ad
1081 3209 1321 3314 abrogandam
1342 3211 1468 3313 legem,
1493 3235 1552 3288 ve·

388 3360 466 3412 rum
485 3335 592 3413 etiam
611 3333 659 3413 ed
673 3333 829 3414 tollendo
848 3348 880 3414 et
899 3335 1093 3414 minuenda
1116 3335 1199 3414 iuro
1229 3338 1292 3414 uni
1319 3335 1550 3442 competentia

387 3458 740 3562 RomeuoPoutifici,
769 3471 911 3563 praeter
925 3472 1062 3538 ceteras
1081 3457 1301 3538 conditiones
1327 3485 1468 3539 necesse
1496 3471 1551 3538 est

389 3595 428 3660 ut
439 3593 576 3660 centum
590 3581 639 3660 od
652 3583 769 3660 miuus
783 3607 960 3660 annorum
979 3585 1094 3686 spot-io
1114 3581 1272 3662 sincello
1292 3583 1555 3688 interruptione

385 3709 662 3810 perseveraverit
668 3767 781 3786 .......

423 3819 425 3826 ’
470 3836 642 3910 «Verum
671 3845 849 3934 postremo
870 3845 905 3910 et
919 3834 1141 3938 potissimum
1169 3831 1464 3911 considerandum
1479 3845 1551 3926 est,

456 4035 489 4104 tl}
511 4037 593 4092 Suar.
608 4039 710 4092 Bonae.
727 4037 863 4092 bascard.
879 4041 924 4102 Sa,
939 4037 1067 4106 uestrop.
1088 4017 1140 4092 etc.
1162 4050 1210 4107 ep.
1231 4035 1355 4094 eundem
1367 4035 1442 4092 ibid.
1460 4049 1552 4109 quae·

382 4131 421 4181 St.
441 4127 628 4286 {bitonutt
651 4213 718 4270 Cod.
738 4195 776 4270 de⁸
788 4217 964 4288 praescript.
988 4215 1064 4286 tonp.
1087 4221 1172 4287 nmp.
1192 4215 1221 4284 g.
1246 4220 1269 4269 t.
1291 4217 1364 4273 liert.
1378 4216 1412 4272 de
1427 4229 1552 4286 usucap.

453 4299 492 4374 (3)
511 4303 618 4371 nubas,
640 4301 807 4374 Spereltius,
821 4305 997 4371 Eascardus,
1018 4318 1089 4374 quos
1102 4303 1168 4361 citat
1180 4313 1207 4360 et
1220 4303 1350 4375 sequitur
1365 4303 1550 4363 Reideustuet

378 4387 436 4443 tto.
459 4395 483 4444 t.
503 4390 552 4448 tit.
574 4397 601 4446 t.
621 4392 655 4448 de
672 4393 877 4450 comumaciter
895 4407 925 4449 n.
949 4397 1008 4451 109.

452 4476 487 4548 [4)
508 4481 547 4534 De
565 4479 683 4551 synodo
702 4481 751 4538 cit.
775 4479 826 4535 lib.
847 4485 873 4536 9.
894 4495 957 4552 cup.
977 4485 1004 4536 2.
1026 4497 1055 4538 n.
1075 4489 1103 4538 6.
