3444 5302
889 467 926 482 ...
950 437 985 499 10
1007 467 1044 480 ..

385 591 403 634 ι
428 575 526 640 tuam
545 565 590 640 N.
613 560 699 667 quia
728 587 747 636 a
777 575 812 640 tc
841 561 918 638 viro
936 572 1124 664 coaptatur
1148 560 1288 639 mulier.
1321 562 1453 666 Copula
1472 563 1551 643 illos

385 684 588 762 <unanimi
616 708 816 779 consensu;
847 708 976 762 corona
1005 681 1084 761 illos
1104 681 1142 761 in
1161 709 1302 763 carnem
1330 710 1453 781 unam,
1485 687 1552 766 tri-

385 839 403 881 a
427 811 497 888 bue
525 808 596 887 illis
624 807 779 888 lructum
809 807 958 901 ventris,
982 805 1092 910 prolis
1120 806 1339 887 fruitionem.
1370 811 1460 898 Ouia
1489 824 1551 890 tua

385 945 482 1011 «est
511 932 672 1037 potentia
700 944 810 1012 etc.»
841 930 916 1036 (1).

462 1061 545 1136 Post
564 1056 657 1134 banc
676 1055 872 1134 orationem
892 1055 1072 1152 sacerdos,
1091 1058 1246 1162 acceptis
1265 1057 1419 1153 coronis,
1438 1059 1551 1162 primo

381 1193 527 1261 coronat
546 1205 716 1286 sponsum
735 1179 882 1258 dicens:
918 1211 937 1254 ν
955 1185 1152 1260 Coronatur
1171 1206 1296 1260 servus
1315 1185 1380 1261 Dei
1399 1187 1443 1262 N.
1467 1208 1551 1289 pro-

386 1337 402 1380 <
426 1319 505 1411 pter
525 1304 689 1384 ancillam
704 1305 768 1382 oei
783 1307 829 1382 N.
848 1305 1042 1384 innomine
1057 1306 1175 1384 Patris
1194 1317 1231 1384 et
1245 1307 1325 1385 Filii
1345 1321 1382 1387 et
1396 1309 1549 1412 Spiritus

384 1461 402 1504 ‹
426 1429 554 1508 sancti.
571 1461 590 1503 s
606 1473 630 1488 -
647 1427 782 1507 Deinde
801 1442 946 1506 coronat
965 1455 1132 1533 sponsam
1152 1427 1293 1508 dicens:
1319 1435 1549 1512 <Coronatur

383 1552 553 1631 «ancilla
578 1551 642 1630 Dei
661 1554 706 1630 N.
729 1565 874 1657 propter
901 1577 1043 1630 servum
1063 1552 1126 1632 Dei
1150 1557 1194 1632 N.
1217 1553 1255 1631 in
1274 1555 1417 1634 nonrine
1433 1556 1549 1635 Patris

384 1707 401 1750 ι
424 1689 461 1755 et
488 1673 568 1752 Filii
596 1687 632 1753 et
660 1675 816 1780 Spiritus
842 1677 972 1754 sancti.
995 1707 1014 1748 n
1036 1721 1059 1736 -
1082 1681 1170 1755 Tum
1198 1676 1380 1758 benedicit
1411 1679 1462 1758 eis
1494 1693 1550 1758 ter

381 1798 526 1878 dicens:
566 1797 750 1876 «Domine
779 1801 874 1877 lleus
902 1811 1024 1878 noster
1053 1799 1164 1900 gloria
1192 1812 1228 1879 et
1256 1799 1391 1881 bonore
1419 1827 1547 1881 corona

384 1953 401 1994 a
426 1921 542 2000 illos»
574 1921 589 2024 (
618 1922 647 2023 ).
736 1988 743 2002 .

460 2054 497 2124 c.
529 2043 657 2123 Verbis
685 2045 755 2123 illis
783 2057 975 2124 coronator
1001 2059 1071 2124 etc.
1104 2046 1299 2127 sacerdotis
1319 2074 1379 2127 ore
1399 2049 1547 2154 prolatis

383 2170 768 2261 «matrimoniorum,
800 2183 842 2248 ut
869 2169 993 2248 scribit
1020 2170 1190 2267 GoariuS,
1221 2185 1257 2250 et
1286 2199 1306 2249 a
1335 2171 1546 2276 coniugibus

286 2339 295 2371 .·
380 2295 534 2398 legitime
566 2305 817 2372 contracto...
851 2293 1092 2372 testimonium
1134 2293 1252 2375 reddit
1286 2296 1467 2392 Ecclesia3
1503 2321 1545 2376 ac

258 2446 266 2463 ·
379 2417 510 2498 idcirco
529 2441 656 2495 sensus
675 2414 816 2494 illorum
835 2416 984 2496 solerter
1002 2429 1059 2495 est
1077 2417 1331 2499 attendendus.
1355 2423 1433 2500 Non
1451 2420 1586 2498 enim
1711 2437 1712 2452 ¹

380 2539 583 2619 huiusmodi
603 2552 671 2632 est,
694 2551 736 2616 ut
755 2540 868 2642 prima
889 2537 977 2617 lucie
997 2553 1118 2644 potest
1136 2541 1269 2620 videri:
1300 2547 1453 2622 Coronat
1471 2567 1542 2620 ser·

379 2691 445 2742 vus
465 2663 527 2741 liei
556 2665 600 2740 N.
633 2661 799 2740 ancillam
820 2661 882 2740 llei
902 2665 947 2740 N.
979 2663 1016 2739 in
1036 2665 1178 2742 nomine
1197 2677 1266 2743 etc.
1298 2665 1366 2754 Oui
1391 2688 1544 2768 nomque

378 2799 563 2866 coronaret
590 2785 730 2864 coronis
757 2785 833 2890 ipse
852 2785 1153 2865 subiectusl-sed
1173 2790 1316 2894 potius:
1349 2795 1546 2868 Coronatur

377 2935 502 2990 servus
530 2911 593 2988 Dei
622 2913 666 2988 N.
698 2923 844 3014 propter
878 2909 1044 2988 ancillam
1072 2911 1135 2988 Dei
1165 2914 1236 3004 N.‚
1273 2910 1365 2990 idest
1397 2935 1546 2990 coronas

377 3034 558 3140 nuptiales
585 3031 682 3112 subit
717 3033 923 3134 insignum
961 3031 1114 3111 loederis
1146 3033 1344 3138 coniugalis
1371 3059 1451 3114 cum
1480 3059 1545 3113 an-

377 3157 458 3234 oilla
486 3158 548 3234 Dei
580 3160 624 3234 N.
656 3159 852 3250 contracti3
886 3155 993 3234 -vel
1026 3170 1145 3235 certe:
1186 3162 1382 3238 Coronatur
1418 3183 1543 3238 servus

377 3280 441 3358 Dei
468 3283 513 3357 N.
546 3281 583 3356 in
611 3277 775 3355 ancillam
803 3277 867 3355 Dei
896 3281 940 3355 N.
972 3279 1106 3382 pariter
1134 3295 1341 3360 coronatam
1370 3307 1538 3376 uxorem,

376 3402 534 3506 legitimo
566 3401 813 3494 matrimonio,
854 3401 911 3480 bis
943 3403 1082 3481 coronis
1114 3403 1323 3508 designato,
1365 3407 1544 3513 aecipien-

376 3526 472 3606 dam.
490 3573 515 3586 -
536 3525 762 3605 Coronandos
782 3551 935 3630 namque
964 3551 1002 3605 se
1029 3543 1154 3608 mutuo
1173 3532 1294 3635 sponsi
1314 3531 1538 3626 exhibentes,

377 3651 638 3731 matrimonium
667 3650 879 3730 contrahere
908 3651 1136 3756 profitentur,
1168 3668 1276 3761 atque
1305 3657 1364 3737 bic
1391 3683 1433 3738 ex
1457 3683 1543 3737 con-

375 3799 484 3854 senso
503 3789 540 3855 et
559 3775 689 3854 allecto
709 3775 746 3852 in
765 3774 918 3853 alterum
947 3799 985 3853 se
1010 3781 1170 3856 coronari
1190 3781 1403 3884 permittit»
1426 3782 1499 3886 (3).
1518 3827 1541 3842 -

374 3901 448 3976 Ηοι
476 3898 586 4000 igitur
614 3895 772 3977 sensibili
790 3895 1003 4004 solemnique
1030 3899 1131 4005 sipnc
1158 3905 1280 4008 sponsi
1309 3906 1400 3985 ritus
1425 3907 1543 3986 orien-

444 4161 483 4236 (1)
504 4161 573 4218 Vide
591 4161 666 4234 apud
685 4163 758 4219 bour
778 4161 896 4236 tongum
926 4163 1062 4236 officinm
1088 4170 1288 4228 coronationis
1314 4173 1496 4244 nuptiarum
1522 4187 1540 4229 a
1638 4251 1643 4258 .

373 4263 439 4321 pag.
458 4251 511 4306 314
529 4250 565 4306 ad
586 4265 648 4321 pag.
669 4251 732 4318 330,
753 4256 780 4307 et
799 4250 846 4306 bic
865 4253 1040 4322 exscriptam
1060 4257 1217 4314 orationem
1237 4272 1302 4330 pag.
1322 4259 1385 4316 317.

443 4335 482 4411 (2)
499 4339 583 4411 Apud
601 4341 674 4397 Goar
692 4337 712 4394 t.
732 4353 757 4394 c.
775 4351 860 4410 pugn.
879 4335 1015 4398 alt-ets.

444 4427 483 4497 (3)
500 4430 572 4484 Goar
591 4427 642 4484 loc.
663 4427 711 4484 cit.
732 4429 767 4483 ln
794 4425 927 4498 (lilinum
944 4433 1144 4490 coronationis
1168 4441 1262 4502 notar,
1282 4449 1347 4508 pag.
1366 4435 1430 4506 334,
1457 4451 1488 4495 ιι.
1508 4439 1535 4494 6.
