3406 5302
889 447 928 461 -
949 413 1008 478 tut
1029 447 1067 461 -

394 567 414 616 e
437 563 500 642 ρετ
528 563 646 617 essere
673 537 804 618 oaduto
831 539 877 618 da
892 564 942 618 nn
963 539 1098 634 albere,
1122 539 1279 620 sebbene
1295 539 1380 619 lassi
1401 539 1457 644 git
1478 553 1565 627 nato

395 661 582 767 <qnando
610 661 682 741 lece
725 663 758 740 la
787 664 918 744 sedata
947 664 1290 769 (circumstantiam
1318 671 1409 743 tuac
1437 665 1479 743 de
1507 691 1565 770 ρε-

394 812 518 864 <nere
544 787 668 865 mortis
697 786 858 866 Andreae
886 793 930 866 P.
963 800 1115 867 testatur
1133 801 1166 867 et
1182 789 1356 867 Aretonius
1385 798 1450 876 F„
1471 791 1563 896 qttod

393 909 550 1013 «mauis
587 908 810 988 identitatem
841 935 1013 1014 personae
1050 909 1308 1017 demonstrat).
1340 921 1455 990 -120
1492 920 1564 990 Ao-

393 1061 412 1107 «
436 1033 520 1112 drea
550 1037 590 1111 P.
614 1059 674 1112 ere
694 1033 932 1113 sicurarnente
952 1033 1062 1139 padre
1082 1035 1165 1113 dell'
1178 1036 1348 1138 Agostinn
1368 1036 1423 1137 gi'a
1444 1035 1558 1130 detta,

394 1157 565 1262 ‹perohe
594 1155 731 1236 ricorde
759 1156 850 1236 bene
878 1157 943 1236 ohe
971 1158 1018 1236 du
1047 1161 1131 1238 tutti
1160 1185 1219 1238 era
1250 1174 1359 1238 avuta
1387 1184 1407 1237 e
1435 1171 1561 1238 tenuta

392 1312 411 1358 a
434 1306 499 1387 per
527 1281 563 1359 di
591 1281 642 1360 lui
672 1281 827 1385 figline.»

472 1405 606 1484 Deinde
632 1405 718 1484 data
747 1419 831 1484 sunt
851 1405 974 1484 eadem
995 1405 1267 1508 interrogatoria
1292 1429 1365 1510 quo
1397 1404 1442 1482 ud
1475 1409 1562 1484 Ber·

389 1543 462 1608 tam
482 1532 523 1606 B.
548 1528 697 1632 eiusque
718 1531 895 1630 genitores
914 1543 950 1607 et
969 1529 1216 1624 ascendentes
1247 1555 1287 1606 aa
1307 1528 1514 1634 respondit:

472 1684 492 1728 e
520 1663 558 1732 1⁰
577 1657 730 1732 Conosoo
746 1653 938 1732 benissimo
959 1657 1062 1732 Beria
1083 1657 1138 1734 B.
1161 1713 1169 1729 .
1192 1715 1200 1730 .
1224 1699 1248 1714 -
1269 1663 1306 1732 3⁰
1320 1659 1476 1732 Conasco
1496 1679 1562 1759 up·

392 1783 540 1884 «piena
568 1805 632 1858 suo
660 1779 785 1884 padre,
816 1779 858 1858 ed
889 1779 935 1858 ho
964 1779 1168 1858 conosciuto
1196 1804 1260 1884 ρετ
1289 1778 1380 1856 bone
1399 1805 1465 1856 sna
1486 1805 1560 1857 nra·

392 1933 410 1978 e
435 1903 497 1982 dre
526 1929 590 2009 ρετ
618 1929 736 1982 essere
764 1901 821 1982 del
849 1903 920 1982 mio
948 1917 1062 1982 stesso
1090 1927 1212 2008 paese.
1234 1947 1260 1962 -
1280 1911 1317 1980 4⁰
1345 1902 1369 1979 il
1398 1902 1509 2007 padre
1528 1904 1558 1981 si

390 2056 409 2100 ‹
432 2025 571 2104 chiama
600 2026 708 2130 notor·
728 2033 790 2112 B.,
816 2051 835 2104 ε
860 2025 891 2104 lo
920 2023 1041 2104 madre
1062 2023 1271 2103 lleddalenn
1288 2031 1328 2102 T.
1351 2055 1386 2102 s.
1401 2026 1560 2129 (Noton-

386 2150 473 2229 dum
502 2149 557 2228 ltic
586 2163 636 2229 est
665 2151 756 2256 quod
784 2149 882 2228 testis
928 2149 1076 2254 desuper
1104 2160 1287 2254 nuncupat
1316 2150 1558 2253 Mercaritam

386 2273 549 2352 Andreae
577 2281 621 2350 P.
655 2299 818 2359 uxorem,
847 2274 905 2351 cui
932 2298 1055 2350 oerum
1084 2297 1209 2352 nomen
1247 2271 1489 2376 daedalum,-
1525 2285 1559 2352 et

388 2395 638 2500 Mandalenam
685 2395 740 2474 lic
781 2394 940 2502 appellat
986 2395 1114 2475 Aloisii
1155 2403 1199 2472 B.
1245 2421 1416 2483 aurorem,
1465 2422 1556 2501 quoe

388 2521 594 2624 Menocrito
628 2533 870 2634 nuncupatur.
912 2522 979 2600 Sed
1011 2535 1157 2628 praeter
1194 2547 1302 2628 quam
1339 2523 1432 2628 quod
1473 2523 1559 2603 lnoee

387 2669 486 2722 mero
515 2642 726 2723 allucinatio
746 2671 816 2723 esse
835 2645 1001 2724 uideatur
1019 2647 1093 2724 siae
1113 2646 1209 2724 testis
1242 2643 1298 2724 oel
1331 2671 1374 2724 eu
1409 2672 1446 2724 eo
1466 2647 1559 2752 quod

386 2767 473 2846 illae
500 2767 664 2846 mulieres
693 2768 766 2846 ium
785 2768 833 2846 ad
847 2767 971 2874 plures
1000 2767 1182 2856 obierant,
1211 2771 1285 2849 sioe
1311 2773 1557 2859 arnonueasis,

387 2917 458 2970 non
495 2892 604 2996 afficit
631 2891 684 2970 rei
707 2891 947 2971 substantiam
974 2903 1007 2970 et
1039 2907 1285 2998 consequenter
1323 2921 1391 2974 uon
1424 2895 1558 2974 adimit

385 3014 467 3093 testi
493 3015 598 3120 fidem
626 3015 707 3121 (Cir
743 3017 860 3095 Casei:
897 3015 938 3095 de
970 3029 1129 3122 separat.
1172 3018 1242 3096 tori
1274 3018 1336 3098 tit.
1374 3029 1412 3098 3.
1444 3019 1553 3098 decis.

387 3149 456 3216 rot.
492 3149 554 3221 10.
587 3166 684 3218 num.
718 3143 803 3244 68),
836 3142 964 3248 ρείρρε
993 3141 1207 3220 manubiis
1237 3143 1424 3229 uxoribus,
1445 3169 1558 3249 quoe-

385 3264 439 3340 ais
468 3263 608 3342 demum
637 3267 724 3352 sint,
754 3266 1043 3370 consonuuiaitos
1072 3267 1279 3373 dependeat,
1295 3270 1355 3348 sed
1368 3269 1412 3347 ab
1430 3295 1557 3348 eorum

384 3385 476 3464 uiris
505 3388 648 3468 Andron
675 3401 708 3468 et
736 3389 884 3478 Aleisio,
914 3391 969 3468 uti
996 3392 1134 3470 scheram
1151 3392 1357 3498 inspicienti
1380 3395 1557 3498 potet.)-

388 3538 407 3583 ‹
433 3519 469 3588 5⁰
497 3511 575 3613 Egli
604 3511 697 3606 vive,
729 3538 786 3589 ma
813 3527 941 3617 questa
961 3517 981 3591 ε
1001 3530 1129 3594 morta.
1152 3559 1177 3576 -
1198 3523 1234 3592 (5⁰
1251 3515 1327 3618 Egli
1357 3517 1556 3594 eritenuto

344 3721 349 3734 .
388 3631 475 3710 «du
505 3634 591 3713 tutti
620 3660 683 3739 ρετ
716 3634 827 3739 padre
864 3635 900 3713 di
938 3636 1037 3715 detta
1075 3641 1196 3732 Berto,
1228 3636 1271 3716 ed
1305 3663 1384 3716 esso
1404 3638 1438 3715 lo
1459 3638 1556 3716 tiene

321 3753 325 3762 '
387 3785 406 3830 ε
430 3782 527 3837 corne
555 3785 620 3836 sne
650 3759 759 3862 figlini,
791 3758 834 3838 ed
864 3785 943 3839 essa
963 3785 1059 3838 corne
1079 3785 1143 3838 suo
1163 3761 1287 3866 padre.
1306 3807 1331 3822 -
1353 3771 1389 3840 7ο
1418 3766 1473 3840 llo
1492 3762 1558 3841 he·

385 3884 576 3963 ‹nissimo
613 3887 816 3964 conosciuto
853 3885 888 3962 ln
926 3883 1045 3962 madre
1081 3885 1118 3963 di
1147 3884 1245 3964 detta
1286 3886 1389 3988 Lnigi
1418 3889 1460 3964 B.
1491 3910 1557 3992 per

385 4009 547 4086 ‹averla
577 4009 708 4088 reduto
738 4021 837 4088 tonte
866 4033 886 4086 ε
915 4022 1014 4088 tante
1043 4009 1152 4088 volte.
1175 4053 1199 4068 -
1221 4019 1258 4088 8⁰
1287 4013 1374 4088 Esse
1395 4010 1425 4088 si
1454 4011 1557 4088 olria-

386 4155 484 4208 «τηε
513 4135 703 4212 Domanioa
733 4139 776 4208 P.
801 4175 825 4190 -
845 4139 883 4210 9⁰
911 4135 1019 4210 Posse
1047 4133 1123 4212 diro
1152 4133 1216 4211 che
1232 4159 1292 4211 era
1318 4132 1439 4212 nrodre
1460 4133 1555 4212 dello

386 4285 405 4330 e
428 4271 542 4336 stesso
571 4259 674 4360 Lnigi
704 4261 768 4351 B.,
799 4255 931 4362 perah'e
959 4283 1018 4337 are
1048 4257 1216 4363 pubblioo
1234 4285 1253 4337 ε
1274 4257 1413 4338 notorio
1428 4285 1447 4335 a
1464 4259 1554 4338 tutti

384 4407 404 4451 e
427 4379 493 4457 ohe
521 4381 711 4460 essalosse
732 4381 821 4459 tadi
850 4380 900 4460 lui
929 4381 1064 4460 madre.
1087 4425 1111 4442 -
1134 4393 1198 4462 10ο
1217 4385 1304 4460 Esse
1324 4405 1385 4459 era
1400 4381 1497 4483 figliu
1517 4379 1554 4459 di
