<?xml version="1.0" encoding="UTF-8"?>
<!DOCTYPE html PUBLIC "-//W3C//DTD XHTML 1.0 Transitional//EN"
    "http://www.w3.org/TR/xhtml1/DTD/xhtml1-transitional.dtd">
<html xmlns="http://www.w3.org/1999/xhtml" xml:lang="en" lang="en">
 <head>
  <title>
</title>
<meta http-equiv="Content-Type" content="text/html;charset=utf-8" />
  <meta name='ocr-system' content='tesseract 3.04.00' />
  <meta name='ocr-capabilities' content='ocr_page ocr_carea ocr_par ocr_line ocrx_word'/>
</head>
<body>
  <div class='ocr_page' id='page_1' title='image "./deimpedimentism00mansgoog_0406.png"; bbox 0 0 3446 5298; ppageno 0'>
   <div class='ocr_carea' id='block_1_1' title="bbox 657 465 832 528">
    <p class='ocr_par' dir='ltr' id='par_1_1' title="bbox 657 465 832 528">
     <span class='ocr_line' id='line_1_1' title="bbox 657 465 832 528; baseline 0.006 -16"><span class='ocrx_word' id='word_1_1' title='bbox 657 465 832 528; x_wconf 76' lang='lat'><strong>..387-</strong></span> 
     </span>
    </p>
   </div>
   <div class='ocr_carea' id='block_1_2' title="bbox 156 585 1332 4536">
    <p class='ocr_par' dir='ltr' id='par_1_2' title="bbox 158 585 1329 1190">
     <span class='ocr_line' id='line_1_2' title="bbox 158 585 1325 697; baseline -0.007 -27"><span class='ocrx_word' id='word_1_2' title='bbox 158 591 206 670; x_wconf 88' lang='lat' dir='ltr'>ad</span> <span class='ocrx_word' id='word_1_3' title='bbox 233 591 488 697; x_wconf 77' lang='lat' dir='ltr'>explorandam</span> <span class='ocrx_word' id='word_1_4' title='bbox 517 591 630 697; x_wconf 89' lang='lat' dir='ltr'>ipsius</span> <span class='ocrx_word' id='word_1_5' title='bbox 657 590 872 697; x_wconf 88' lang='lat' dir='ltr'>potentiam,</span> <span class='ocrx_word' id='word_1_6' title='bbox 903 613 968 668; x_wconf 89' lang='lat' dir='ltr'>nec</span> <span class='ocrx_word' id='word_1_7' title='bbox 1001 611 1074 667; x_wconf 91' lang='lat' dir='ltr'>non</span> <span class='ocrx_word' id='word_1_8' title='bbox 1103 585 1325 681; x_wconf 76' lang='lat' dir='ltr'><strong>facultatem,</strong></span> 
     </span>
     <span class='ocr_line' id='line_1_3' title="bbox 159 712 1327 822; baseline -0.007 -27"><span class='ocrx_word' id='word_1_9' title='bbox 159 729 341 822; x_wconf 89' lang='lat' dir='ltr'>quatenus</span> <span class='ocrx_word' id='word_1_10' title='bbox 369 741 440 794; x_wconf 93' lang='lat' dir='ltr'>non</span> <span class='ocrx_word' id='word_1_11' title='bbox 467 716 682 795; x_wconf 83' lang='lat' dir='ltr'>conveniant</span> <span class='ocrx_word' id='word_1_12' title='bbox 710 716 748 794; x_wconf 93' lang='lat' dir='ltr'>in</span> <span class='ocrx_word' id='word_1_13' title='bbox 781 716 894 820; x_wconf 85' lang='lat' dir='ltr'>prima</span> <span class='ocrx_word' id='word_1_14' title='bbox 931 712 1167 818; x_wconf 82' lang='lat' dir='ltr'>inspectione,</span> <span class='ocrx_word' id='word_1_15' title='bbox 1198 713 1327 790; x_wconf 90' lang='lat' dir='ltr'>iterum</span> 
     </span>
     <span class='ocr_line' id='line_1_4' title="bbox 158 833 1329 944; baseline -0.003 -27"><span class='ocrx_word' id='word_1_16' title='bbox 158 837 366 918; x_wconf 87' lang='lat' dir='ltr'>accedendi.</span> <span class='ocrx_word' id='word_1_17' title='bbox 398 843 516 944; x_wconf 76' lang='lat' dir='ltr'>Atque</span> <span class='ocrx_word' id='word_1_18' title='bbox 544 839 582 918; x_wconf 94' lang='lat' dir='ltr'>in</span> <span class='ocrx_word' id='word_1_19' title='bbox 609 838 733 920; x_wconf 91' lang='lat' dir='ltr'>eodem</span> <span class='ocrx_word' id='word_1_20' title='bbox 762 839 906 918; x_wconf 88' lang='lat' dir='ltr'>decreto</span> <span class='ocrx_word' id='word_1_21' title='bbox 933 837 1041 932; x_wconf 91' lang='lat' dir='ltr'>diern,</span> <span class='ocrx_word' id='word_1_22' title='bbox 1074 835 1197 914; x_wconf 92' lang='lat' dir='ltr'>boram</span> <span class='ocrx_word' id='word_1_23' title='bbox 1225 833 1329 914; x_wconf 88' lang='lat' dir='ltr'>etlo-</span> 
     </span>
     <span class='ocr_line' id='line_1_5' title="bbox 158 958 1329 1068; baseline -0.003 -28"><span class='ocrx_word' id='word_1_24' title='bbox 158 987 241 1040; x_wconf 89' lang='lat' dir='ltr'>cnm</span> <span class='ocrx_word' id='word_1_25' title='bbox 270 961 483 1059; x_wconf 82' lang='lat' dir='ltr'>destinabit,</span> <span class='ocrx_word' id='word_1_26' title='bbox 515 963 552 1040; x_wconf 92' lang='lat' dir='ltr'>in</span> <span class='ocrx_word' id='word_1_27' title='bbox 578 963 712 1068; x_wconf 89' lang='lat' dir='ltr'>quibus</span> <span class='ocrx_word' id='word_1_28' title='bbox 739 964 849 1043; x_wconf 89' lang='lat' dir='ltr'>Periti</span> <span class='ocrx_word' id='word_1_29' title='bbox 868 961 1053 1058; x_wconf 88' lang='lat' dir='ltr'>accedent,</span> <span class='ocrx_word' id='word_1_30' title='bbox 1075 973 1117 1039; x_wconf 88' lang='lat' dir='ltr'>ut</span> <span class='ocrx_word' id='word_1_31' title='bbox 1137 958 1329 1066; x_wconf 86' lang='lat' dir='ltr'>inspectio-</span> 
     </span>
     <span class='ocr_line' id='line_1_6' title="bbox 160 1084 471 1190; baseline 0 -28"><span class='ocrx_word' id='word_1_32' title='bbox 160 1109 241 1162; x_wconf 87' lang='lat' dir='ltr'>nem</span> <span class='ocrx_word' id='word_1_33' title='bbox 269 1084 471 1190; x_wconf 88' lang='lat' dir='ltr'>perficiant.</span> 
     </span>
    </p>

    <p class='ocr_par' dir='ltr' id='par_1_3' title="bbox 160 1206 1330 1932">
     <span class='ocr_line' id='line_1_7' title="bbox 240 1206 1325 1312; baseline -0.002 -26"><span class='ocrx_word' id='word_1_34' title='bbox 240 1209 433 1312; x_wconf 84' lang='lat' dir='ltr'>Designata</span> <span class='ocrx_word' id='word_1_35' title='bbox 470 1207 528 1287; x_wconf 92' lang='lat' dir='ltr'>die</span> <span class='ocrx_word' id='word_1_36' title='bbox 555 1221 591 1288; x_wconf 89' lang='lat' dir='ltr'>et</span> <span class='ocrx_word' id='word_1_37' title='bbox 629 1208 731 1306; x_wconf 90' lang='lat' dir='ltr'>bora,</span> <span class='ocrx_word' id='word_1_38' title='bbox 763 1207 807 1286; x_wconf 90' lang='lat' dir='ltr'>ad</span> <span class='ocrx_word' id='word_1_39' title='bbox 841 1207 956 1288; x_wconf 92' lang='lat' dir='ltr'>locurn</span> <span class='ocrx_word' id='word_1_40' title='bbox 993 1208 1165 1288; x_wconf 88' lang='lat' dir='ltr'>accedent</span> <span class='ocrx_word' id='word_1_41' title='bbox 1197 1206 1325 1302; x_wconf 88' lang='lat' dir='ltr'>ludex,</span> 
     </span>
     <span class='ocr_line' id='line_1_8' title="bbox 160 1331 1328 1435; baseline -0.002 -26"><span class='ocrx_word' id='word_1_42' title='bbox 160 1331 331 1410; x_wconf 78' lang='lat' dir='ltr'>Defensor</span> <span class='ocrx_word' id='word_1_43' title='bbox 358 1332 588 1428; x_wconf 84' lang='lat' dir='ltr'>matrimonii,</span> <span class='ocrx_word' id='word_1_44' title='bbox 619 1332 858 1412; x_wconf 84' lang='lat' dir='ltr'>Cancellarius</span> <span class='ocrx_word' id='word_1_45' title='bbox 886 1359 927 1411; x_wconf 90' lang='lat' dir='ltr'>ac</span> <span class='ocrx_word' id='word_1_46' title='bbox 954 1333 1078 1412; x_wconf 89' lang='lat' dir='ltr'>Periti.</span> <span class='ocrx_word' id='word_1_47' title='bbox 1110 1331 1247 1435; x_wconf 84' lang='lat' dir='ltr'>Singuli</span> <span class='ocrx_word' id='word_1_48' title='bbox 1284 1353 1328 1408; x_wconf 90' lang='lat' dir='ltr'>ex</span> 
     </span>
     <span class='ocr_line' id='line_1_9' title="bbox 160 1453 1329 1562; baseline -0.002 -29"><span class='ocrx_word' id='word_1_49' title='bbox 160 1455 288 1534; x_wconf 88' lang='lat' dir='ltr'>Peritis</span> <span class='ocrx_word' id='word_1_50' title='bbox 329 1479 371 1534; x_wconf 92' lang='lat' dir='ltr'>ac</span> <span class='ocrx_word' id='word_1_51' title='bbox 407 1456 553 1534; x_wconf 84' lang='lat' dir='ltr'>seorsim</span> <span class='ocrx_word' id='word_1_52' title='bbox 589 1479 718 1561; x_wconf 86' lang='lat' dir='ltr'>corpus</span> <span class='ocrx_word' id='word_1_53' title='bbox 758 1457 823 1534; x_wconf 83' lang='lat' dir='ltr'>viri</span> <span class='ocrx_word' id='word_1_54' title='bbox 855 1457 1047 1562; x_wconf 73' lang='lat' dir='ltr'>inspicient</span> <span class='ocrx_word' id='word_1_55' title='bbox 1080 1482 1121 1535; x_wconf 89' lang='lat' dir='ltr'>ea</span> <span class='ocrx_word' id='word_1_56' title='bbox 1152 1481 1225 1560; x_wconf 90' lang='lat' dir='ltr'>qua</span> <span class='ocrx_word' id='word_1_57' title='bbox 1252 1453 1329 1532; x_wconf 88' lang='lat' dir='ltr'>freri</span> 
     </span>
     <span class='ocr_line' id='line_1_10' title="bbox 161 1579 1325 1686; baseline -0.002 -28"><span class='ocrx_word' id='word_1_58' title='bbox 161 1580 293 1684; x_wconf 89' lang='lat' dir='ltr'>poterit</span> <span class='ocrx_word' id='word_1_59' title='bbox 306 1579 485 1675; x_wconf 90' lang='lat' dir='ltr'>decentia,</span> <span class='ocrx_word' id='word_1_60' title='bbox 502 1592 539 1658; x_wconf 89' lang='lat' dir='ltr'>et</span> <span class='ocrx_word' id='word_1_61' title='bbox 553 1580 656 1660; x_wconf 88' lang='lat' dir='ltr'>factis</span> <span class='ocrx_word' id='word_1_62' title='bbox 674 1581 943 1686; x_wconf 87' lang='lat' dir='ltr'>experimentis,</span> <span class='ocrx_word' id='word_1_63' title='bbox 965 1606 1058 1686; x_wconf 86' lang='lat' dir='ltr'>qnae</span> <span class='ocrx_word' id='word_1_64' title='bbox 1078 1581 1179 1660; x_wconf 87' lang='lat' dir='ltr'>iuxta</span> <span class='ocrx_word' id='word_1_65' title='bbox 1198 1592 1325 1674; x_wconf 89' lang='lat' dir='ltr'>artem,</span> 
     </span>
     <span class='ocr_line' id='line_1_11' title="bbox 161 1701 1330 1810; baseline 0.001 -31"><span class='ocrx_word' id='word_1_66' title='bbox 161 1727 230 1779; x_wconf 85' lang='lat' dir='ltr'>oen</span> <span class='ocrx_word' id='word_1_67' title='bbox 259 1715 378 1782; x_wconf 79' lang='lat' dir='ltr'>tumeo</span> <span class='ocrx_word' id='word_1_68' title='bbox 406 1701 561 1790; x_wconf 77' lang='lat' dir='ltr'>illicitis,</span> <span class='ocrx_word' id='word_1_69' title='bbox 590 1718 791 1810; x_wconf 89' lang='lat' dir='ltr'>opportuna</span> <span class='ocrx_word' id='word_1_70' title='bbox 819 1703 1046 1799; x_wconf 89' lang='lat' dir='ltr'>iudicabunt,</span> <span class='ocrx_word' id='word_1_71' title='bbox 1082 1703 1213 1807; x_wconf 79' lang='lat' dir='ltr'>singuli</span> <span class='ocrx_word' id='word_1_72' title='bbox 1242 1703 1330 1780; x_wconf 87' lang='lat' dir='ltr'>scri-</span> 
     </span>
     <span class='ocr_line' id='line_1_12' title="bbox 162 1827 704 1932; baseline 0.002 -27"><span class='ocrx_word' id='word_1_73' title='bbox 162 1840 261 1932; x_wconf 88' lang='lat' dir='ltr'>ptam</span> <span class='ocrx_word' id='word_1_74' title='bbox 289 1828 455 1908; x_wconf 90' lang='lat' dir='ltr'>emittent</span> <span class='ocrx_word' id='word_1_75' title='bbox 482 1827 704 1906; x_wconf 90' lang='lat' dir='ltr'>relationem.</span> 
     </span>
    </p>

    <p class='ocr_par' dir='ltr' id='par_1_4' title="bbox 161 1950 1332 2175">
     <span class='ocr_line' id='line_1_13' title="bbox 240 1950 1332 2058; baseline 0 -30"><span class='ocrx_word' id='word_1_76' title='bbox 240 1955 283 2029; x_wconf 94' lang='lat' dir='ltr'>ln</span> <span class='ocrx_word' id='word_1_77' title='bbox 311 1950 532 2057; x_wconf 81' lang='lat' dir='ltr'>inspectione</span> <span class='ocrx_word' id='word_1_78' title='bbox 560 1964 597 2030; x_wconf 89' lang='lat' dir='ltr'>et</span> <span class='ocrx_word' id='word_1_79' title='bbox 624 1951 796 2031; x_wconf 80' lang='lat' dir='ltr'>relatione</span> <span class='ocrx_word' id='word_1_80' title='bbox 834 1953 922 2031; x_wconf 90' lang='lat' dir='ltr'>baec</span> <span class='ocrx_word' id='word_1_81' title='bbox 956 1952 1146 2058; x_wconf 89' lang='lat' dir='ltr'>praecipue</span> <span class='ocrx_word' id='word_1_82' title='bbox 1184 1950 1332 2030; x_wconf 90' lang='lat' dir='ltr'>investi-</span> 
     </span>
     <span class='ocr_line' id='line_1_14' title="bbox 161 2073 708 2175; baseline 0.007 -26"><span class='ocrx_word' id='word_1_83' title='bbox 161 2073 279 2175; x_wconf 80' lang='lat' dir='ltr'>ganda</span> <span class='ocrx_word' id='word_1_84' title='bbox 307 2085 342 2154; x_wconf 88' lang='lat' dir='ltr'>et</span> <span class='ocrx_word' id='word_1_85' title='bbox 370 2073 557 2152; x_wconf 88' lang='lat' dir='ltr'>referenda</span> <span class='ocrx_word' id='word_1_86' title='bbox 586 2088 708 2153; x_wconf 91' lang='lat' dir='ltr'>erunt.</span> 
     </span>
    </p>

    <p class='ocr_par' dir='ltr' id='par_1_5' title="bbox 158 2197 1331 3049">
     <span class='ocr_line' id='line_1_15' title="bbox 240 2197 1329 2306; baseline 0.001 -32"><span class='ocrx_word' id='word_1_87' title='bbox 240 2203 293 2276; x_wconf 79' lang='lat' dir='ltr'>An</span> <span class='ocrx_word' id='word_1_88' title='bbox 323 2197 444 2277; x_wconf 89' lang='lat' dir='ltr'>adsint</span> <span class='ocrx_word' id='word_1_89' title='bbox 462 2199 564 2302; x_wconf 82' lang='lat' dir='ltr'>signa</span> <span class='ocrx_word' id='word_1_90' title='bbox 583 2199 730 2306; x_wconf 89' lang='lat' dir='ltr'>physice</span> <span class='ocrx_word' id='word_1_91' title='bbox 749 2212 847 2279; x_wconf 88' lang='lat' dir='ltr'>certa</span> <span class='ocrx_word' id='word_1_92' title='bbox 861 2199 1092 2304; x_wconf 88' lang='lat' dir='ltr'>impotentiae</span> <span class='ocrx_word' id='word_1_93' title='bbox 1111 2197 1265 2278; x_wconf 87' lang='lat' dir='ltr'>deducta</span> <span class='ocrx_word' id='word_1_94' title='bbox 1284 2223 1329 2276; x_wconf 85' lang='lat' dir='ltr'>ex</span> 
     </span>
     <span class='ocr_line' id='line_1_16' title="bbox 159 2320 1331 2428; baseline -0.002 -29"><span class='ocrx_word' id='word_1_95' title='bbox 159 2320 439 2400; x_wconf 89' lang='lat' dir='ltr'>conformatione</span> <span class='ocrx_word' id='word_1_96' title='bbox 466 2322 637 2428; x_wconf 90' lang='lat' dir='ltr'>partium,</span> <span class='ocrx_word' id='word_1_97' title='bbox 669 2336 733 2402; x_wconf 91' lang='lat' dir='ltr'>aot</span> <span class='ocrx_word' id='word_1_98' title='bbox 761 2348 804 2400; x_wconf 89' lang='lat' dir='ltr'>ex</span> <span class='ocrx_word' id='word_1_99' title='bbox 833 2323 954 2427; x_wconf 92' lang='lat' dir='ltr'>aliquo</span> <span class='ocrx_word' id='word_1_100' title='bbox 981 2323 1067 2402; x_wconf 89' lang='lat' dir='ltr'>vitio</span> <span class='ocrx_word' id='word_1_101' title='bbox 1094 2321 1189 2428; x_wconf 92' lang='lat' dir='ltr'>quod</span> <span class='ocrx_word' id='word_1_102' title='bbox 1219 2345 1331 2426; x_wconf 82' lang='lat' dir='ltr'>appa-</span> 
     </span>
     <span class='ocr_line' id='line_1_17' title="bbox 159 2444 1330 2558; baseline 0.002 -37"><span class='ocrx_word' id='word_1_103' title='bbox 159 2469 239 2522; x_wconf 89' lang='lat' dir='ltr'>rere</span> <span class='ocrx_word' id='word_1_104' title='bbox 267 2448 413 2549; x_wconf 90' lang='lat' dir='ltr'>poterit.</span> <span class='ocrx_word' id='word_1_105' title='bbox 444 2449 499 2524; x_wconf 77' lang='lat' dir='ltr'>bn</span> <span class='ocrx_word' id='word_1_106' title='bbox 528 2445 648 2525; x_wconf 89' lang='lat' dir='ltr'>adsint</span> <span class='ocrx_word' id='word_1_107' title='bbox 676 2447 793 2550; x_wconf 85' lang='lat' dir='ltr'>signa,</span> <span class='ocrx_word' id='word_1_108' title='bbox 824 2471 917 2552; x_wconf 88' lang='lat' dir='ltr'>quae</span> <span class='ocrx_word' id='word_1_109' title='bbox 947 2447 1114 2558; x_wconf 73' lang='lat' dir='ltr'>moralem</span> <span class='ocrx_word' id='word_1_110' title='bbox 1143 2444 1330 2524; x_wconf 88' lang='lat' dir='ltr'>certitudi-</span> 
     </span>
     <span class='ocr_line' id='line_1_18' title="bbox 160 2569 1329 2676; baseline 0.002 -30"><span class='ocrx_word' id='word_1_111' title='bbox 160 2591 241 2646; x_wconf 88' lang='lat' dir='ltr'>nem</span> <span class='ocrx_word' id='word_1_112' title='bbox 270 2569 443 2649; x_wconf 85' lang='lat' dir='ltr'>inducant</span> <span class='ocrx_word' id='word_1_113' title='bbox 472 2569 719 2675; x_wconf 90' lang='lat' dir='ltr'>impctentiae,</span> <span class='ocrx_word' id='word_1_114' title='bbox 751 2585 788 2650; x_wconf 90' lang='lat' dir='ltr'>et</span> <span class='ocrx_word' id='word_1_115' title='bbox 815 2585 995 2676; x_wconf 91' lang='lat' dir='ltr'>quatenns</span> <span class='ocrx_word' id='word_1_116' title='bbox 1032 2577 1205 2666; x_wconf 81' lang='lat' dir='ltr'>existant,</span> <span class='ocrx_word' id='word_1_117' title='bbox 1235 2595 1329 2674; x_wconf 90' lang='lat' dir='ltr'>quae</span> 
     </span>
     <span class='ocr_line' id='line_1_19' title="bbox 158 2692 1330 2798; baseline 0 -28"><span class='ocrx_word' id='word_1_118' title='bbox 158 2693 206 2770; x_wconf 88' lang='lat' dir='ltr'>sit</span> <span class='ocrx_word' id='word_1_119' title='bbox 234 2692 343 2770; x_wconf 89' lang='lat' dir='ltr'>buius</span> <span class='ocrx_word' id='word_1_120' title='bbox 370 2693 601 2798; x_wconf 90' lang='lat' dir='ltr'>impotentiae</span> <span class='ocrx_word' id='word_1_121' title='bbox 629 2719 753 2790; x_wconf 90' lang='lat' dir='ltr'>causa,</span> <span class='ocrx_word' id='word_1_122' title='bbox 785 2707 906 2773; x_wconf 87' lang='lat' dir='ltr'>utrum</span> <span class='ocrx_word' id='word_1_123' title='bbox 935 2695 983 2774; x_wconf 93' lang='lat' dir='ltr'>sit</span> <span class='ocrx_word' id='word_1_124' title='bbox 1010 2693 1220 2798; x_wconf 87' lang='lat' dir='ltr'>impotentia</span> <span class='ocrx_word' id='word_1_125' title='bbox 1247 2719 1330 2798; x_wconf 91' lang='lat' dir='ltr'>per-</span> 
     </span>
     <span class='ocr_line' id='line_1_20' title="bbox 158 2817 1328 2924; baseline -0.001 -28"><span class='ocrx_word' id='word_1_126' title='bbox 158 2831 269 2923; x_wconf 90' lang='lat' dir='ltr'>petua</span> <span class='ocrx_word' id='word_1_127' title='bbox 297 2818 506 2898; x_wconf 90' lang='lat' dir='ltr'>insanabilis</span> <span class='ocrx_word' id='word_1_128' title='bbox 534 2843 575 2897; x_wconf 87' lang='lat' dir='ltr'>ac</span> <span class='ocrx_word' id='word_1_129' title='bbox 603 2818 820 2924; x_wconf 90' lang='lat' dir='ltr'>praecedens</span> <span class='ocrx_word' id='word_1_130' title='bbox 849 2819 1129 2916; x_wconf 90' lang='lat' dir='ltr'>matrimonium,</span> <span class='ocrx_word' id='word_1_131' title='bbox 1152 2843 1199 2898; x_wconf 93' lang='lat' dir='ltr'>an</span> <span class='ocrx_word' id='word_1_132' title='bbox 1226 2817 1328 2921; x_wconf 82' lang='lat' dir='ltr'>signa</span> 
     </span>
     <span class='ocr_line' id='line_1_21' title="bbox 158 2939 954 3049; baseline 0.004 -31"><span class='ocrx_word' id='word_1_133' title='bbox 158 2939 392 3048; x_wconf 90' lang='lat' dir='ltr'>impotentiae</span> <span class='ocrx_word' id='word_1_134' title='bbox 420 2943 494 3022; x_wconf 90' lang='lat' dir='ltr'>sint</span> <span class='ocrx_word' id='word_1_135' title='bbox 522 2943 632 3022; x_wconf 89' lang='lat' dir='ltr'>dubia</span> <span class='ocrx_word' id='word_1_136' title='bbox 661 2944 715 3021; x_wconf 86' lang='lat' dir='ltr'>vel</span> <span class='ocrx_word' id='word_1_137' title='bbox 745 2944 954 3049; x_wconf 89' lang='lat' dir='ltr'>aequivoca.</span> 
     </span>
    </p>

    <p class='ocr_par' dir='ltr' id='par_1_6' title="bbox 156 3067 1331 4407">
     <span class='ocr_line' id='line_1_22' title="bbox 238 3067 1328 3170; baseline 0.002 -26"><span class='ocrx_word' id='word_1_138' title='bbox 238 3067 385 3146; x_wconf 87' lang='lat' dir='ltr'>Peracta</span> <span class='ocrx_word' id='word_1_139' title='bbox 395 3067 568 3146; x_wconf 90' lang='lat' dir='ltr'>relatione</span> <span class='ocrx_word' id='word_1_140' title='bbox 583 3067 765 3170; x_wconf 82' lang='lat' dir='ltr'>asingulis</span> <span class='ocrx_word' id='word_1_141' title='bbox 777 3067 940 3164; x_wconf 92' lang='lat' dir='ltr'>seorsim,</span> <span class='ocrx_word' id='word_1_142' title='bbox 959 3068 1131 3148; x_wconf 80' lang='lat' dir='ltr'>Defensor</span> <span class='ocrx_word' id='word_1_143' title='bbox 1145 3071 1328 3147; x_wconf 91' lang='lat' dir='ltr'>matrimo-</span> 
     </span>
     <span class='ocr_line' id='line_1_23' title="bbox 157 3189 1329 3298; baseline 0.003 -31"><span class='ocrx_word' id='word_1_144' title='bbox 157 3189 209 3267; x_wconf 93' lang='lat' dir='ltr'>nii</span> <span class='ocrx_word' id='word_1_145' title='bbox 228 3189 414 3269; x_wconf 82' lang='lat' dir='ltr'>exhibebit</span> <span class='ocrx_word' id='word_1_146' title='bbox 429 3189 701 3294; x_wconf 80' lang='lat' dir='ltr'>interrogatoria</span> <span class='ocrx_word' id='word_1_147' title='bbox 721 3191 860 3288; x_wconf 90' lang='lat' dir='ltr'>clausa,</span> <span class='ocrx_word' id='word_1_148' title='bbox 882 3192 1055 3294; x_wconf 86' lang='lat' dir='ltr'>sigillata,</span> <span class='ocrx_word' id='word_1_149' title='bbox 1074 3217 1183 3298; x_wconf 89' lang='lat' dir='ltr'>super</span> <span class='ocrx_word' id='word_1_150' title='bbox 1197 3191 1329 3297; x_wconf 89' lang='lat' dir='ltr'>quibus</span> 
     </span>
     <span class='ocr_line' id='line_1_24' title="bbox 160 3311 1330 3419; baseline 0.002 -28"><span class='ocrx_word' id='word_1_151' title='bbox 160 3311 236 3391; x_wconf 90' lang='lat' dir='ltr'>fieri</span> <span class='ocrx_word' id='word_1_152' title='bbox 252 3311 359 3392; x_wconf 89' lang='lat' dir='ltr'>debet</span> <span class='ocrx_word' id='word_1_153' title='bbox 373 3337 523 3392; x_wconf 89' lang='lat' dir='ltr'>examen</span> <span class='ocrx_word' id='word_1_154' title='bbox 534 3314 748 3410; x_wconf 90' lang='lat' dir='ltr'>Peritornm,</span> <span class='ocrx_word' id='word_1_155' title='bbox 761 3313 902 3419; x_wconf 91' lang='lat' dir='ltr'>sibique</span> <span class='ocrx_word' id='word_1_156' title='bbox 912 3315 1109 3394; x_wconf 87' lang='lat' dir='ltr'>reservabit</span> <span class='ocrx_word' id='word_1_157' title='bbox 1124 3315 1180 3394; x_wconf 90' lang='lat' dir='ltr'>ius</span> <span class='ocrx_word' id='word_1_158' title='bbox 1194 3314 1330 3394; x_wconf 88' lang='lat' dir='ltr'>adden-</span> 
     </span>
     <span class='ocr_line' id='line_1_25' title="bbox 160 3435 1325 3540; baseline 0.003 -26"><span class='ocrx_word' id='word_1_159' title='bbox 160 3435 196 3514; x_wconf 95' lang='lat' dir='ltr'>di</span> <span class='ocrx_word' id='word_1_160' title='bbox 211 3435 280 3514; x_wconf 87' lang='lat' dir='ltr'>alia</span> <span class='ocrx_word' id='word_1_161' title='bbox 295 3437 582 3540; x_wconf 81' lang='lat' dir='ltr'>interrogatoria,</span> <span class='ocrx_word' id='word_1_162' title='bbox 600 3463 641 3514; x_wconf 89' lang='lat' dir='ltr'>ac</span> <span class='ocrx_word' id='word_1_163' title='bbox 655 3437 786 3516; x_wconf 91' lang='lat' dir='ltr'>iterum</span> <span class='ocrx_word' id='word_1_164' title='bbox 797 3463 838 3516; x_wconf 90' lang='lat' dir='ltr'>ea</span> <span class='ocrx_word' id='word_1_165' title='bbox 849 3438 894 3516; x_wconf 90' lang='lat' dir='ltr'>ad</span> <span class='ocrx_word' id='word_1_166' title='bbox 905 3463 1054 3518; x_wconf 88' lang='lat' dir='ltr'>examen</span> <span class='ocrx_word' id='word_1_167' title='bbox 1069 3439 1273 3519; x_wconf 81' lang='lat' dir='ltr'>reuocandi.</span> <span class='ocrx_word' id='word_1_168' title='bbox 1289 3440 1325 3518; x_wconf 88' lang='lat' dir='ltr'>Si</span> 
     </span>
     <span class='ocr_line' id='line_1_26' title="bbox 157 3561 1324 3668; baseline 0.003 -30"><span class='ocrx_word' id='word_1_169' title='bbox 157 3561 538 3662; x_wconf 82' lang='lat' dir='ltr'>exomensingulorum</span> <span class='ocrx_word' id='word_1_170' title='bbox 548 3561 747 3640; x_wconf 90' lang='lat' dir='ltr'>Peritorum</span> <span class='ocrx_word' id='word_1_171' title='bbox 758 3561 881 3641; x_wconf 91' lang='lat' dir='ltr'>eadem</span> <span class='ocrx_word' id='word_1_172' title='bbox 896 3563 953 3641; x_wconf 92' lang='lat' dir='ltr'>die</span> <span class='ocrx_word' id='word_1_173' title='bbox 969 3563 1090 3668; x_wconf 91' lang='lat' dir='ltr'>perfici</span> <span class='ocrx_word' id='word_1_174' title='bbox 1106 3563 1324 3668; x_wconf 89' lang='lat' dir='ltr'>nequiverit,</span> 
     </span>
     <span class='ocr_line' id='line_1_27' title="bbox 156 3682 1325 3792; baseline 0.002 -32"><span class='ocrx_word' id='word_1_175' title='bbox 156 3682 265 3762; x_wconf 91' lang='lat' dir='ltr'>iudex</span> <span class='ocrx_word' id='word_1_176' title='bbox 293 3684 397 3763; x_wconf 87' lang='lat' dir='ltr'>aliam</span> <span class='ocrx_word' id='word_1_177' title='bbox 425 3684 517 3762; x_wconf 89' lang='lat' dir='ltr'>diem</span> <span class='ocrx_word' id='word_1_178' title='bbox 533 3683 749 3788; x_wconf 83' lang='lat' dir='ltr'>designabit,</span> <span class='ocrx_word' id='word_1_179' title='bbox 767 3685 911 3765; x_wconf 89' lang='lat' dir='ltr'>utillud</span> <span class='ocrx_word' id='word_1_180' title='bbox 932 3699 1182 3792; x_wconf 90' lang='lat' dir='ltr'>prosequatur.</span> <span class='ocrx_word' id='word_1_181' title='bbox 1214 3689 1325 3766; x_wconf 91' lang='lat' dir='ltr'>Uter-</span> 
     </span>
     <span class='ocr_line' id='line_1_28' title="bbox 156 3807 1325 3915; baseline 0.002 -31"><span class='ocrx_word' id='word_1_182' title='bbox 156 3829 227 3910; x_wconf 91' lang='lat' dir='ltr'>que</span> <span class='ocrx_word' id='word_1_183' title='bbox 255 3831 299 3885; x_wconf 92' lang='lat' dir='ltr'>ex</span> <span class='ocrx_word' id='word_1_184' title='bbox 328 3807 455 3887; x_wconf 88' lang='lat' dir='ltr'>Peritis</span> <span class='ocrx_word' id='word_1_185' title='bbox 483 3820 560 3886; x_wconf 93' lang='lat' dir='ltr'>turn</span> <span class='ocrx_word' id='word_1_186' title='bbox 589 3821 671 3887; x_wconf 91' lang='lat' dir='ltr'>ante</span> <span class='ocrx_word' id='word_1_187' title='bbox 699 3833 850 3888; x_wconf 86' lang='lat' dir='ltr'>examen</span> <span class='ocrx_word' id='word_1_188' title='bbox 865 3811 1104 3890; x_wconf 88' lang='lat' dir='ltr'>iuramentum</span> <span class='ocrx_word' id='word_1_189' title='bbox 1125 3807 1325 3915; x_wconf 86' lang='lat' dir='ltr'>praestabit</span> 
     </span>
     <span class='ocr_line' id='line_1_29' title="bbox 158 3927 1327 4037; baseline 0.003 -31"><span class='ocrx_word' id='word_1_190' title='bbox 158 3927 203 4006; x_wconf 91' lang='lat' dir='ltr'>de</span> <span class='ocrx_word' id='word_1_191' title='bbox 231 3930 382 4010; x_wconf 89' lang='lat' dir='ltr'>veritate</span> <span class='ocrx_word' id='word_1_192' title='bbox 410 3929 575 4026; x_wconf 87' lang='lat' dir='ltr'>dicenda,</span> <span class='ocrx_word' id='word_1_193' title='bbox 607 3943 683 4010; x_wconf 91' lang='lat' dir='ltr'>turn</span> <span class='ocrx_word' id='word_1_194' title='bbox 712 3945 792 4037; x_wconf 82' lang='lat' dir='ltr'>post</span> <span class='ocrx_word' id='word_1_195' title='bbox 825 3959 974 4012; x_wconf 88' lang='lat' dir='ltr'>exarnen</span> <span class='ocrx_word' id='word_1_196' title='bbox 1002 3934 1203 4012; x_wconf 90' lang='lat' dir='ltr'>iuramento</span> <span class='ocrx_word' id='word_1_197' title='bbox 1233 3932 1327 4010; x_wconf 92' lang='lat' dir='ltr'>dicta</span> 
     </span>
     <span class='ocr_line' id='line_1_30' title="bbox 157 4053 1330 4161; baseline 0.003 -30"><span class='ocrx_word' id='word_1_198' title='bbox 157 4053 397 4152; x_wconf 80' lang='lat' dir='ltr'>confirmabit,</span> <span class='ocrx_word' id='word_1_199' title='bbox 428 4079 506 4134; x_wconf 89' lang='lat' dir='ltr'>sese</span> <span class='ocrx_word' id='word_1_200' title='bbox 533 4057 677 4161; x_wconf 92' lang='lat' dir='ltr'>propria</span> <span class='ocrx_word' id='word_1_201' title='bbox 705 4081 812 4135; x_wconf 90' lang='lat' dir='ltr'>mann</span> <span class='ocrx_word' id='word_1_202' title='bbox 841 4056 1086 4154; x_wconf 89' lang='lat' dir='ltr'>subscribens,</span> <span class='ocrx_word' id='word_1_203' title='bbox 1110 4056 1237 4152; x_wconf 89' lang='lat' dir='ltr'>ludex,</span> <span class='ocrx_word' id='word_1_204' title='bbox 1261 4059 1330 4134; x_wconf 86' lang='lat' dir='ltr'>De-</span> 
     </span>
     <span class='ocr_line' id='line_1_31' title="bbox 157 4176 1331 4260; baseline 0.001 -4"><span class='ocrx_word' id='word_1_205' title='bbox 157 4176 278 4257; x_wconf 87' lang='lat' dir='ltr'>fensor</span> <span class='ocrx_word' id='word_1_206' title='bbox 305 4180 501 4260; x_wconf 87' lang='lat' dir='ltr'>validitatis</span> <span class='ocrx_word' id='word_1_207' title='bbox 529 4181 744 4260; x_wconf 90' lang='lat' dir='ltr'>matrimonii</span> <span class='ocrx_word' id='word_1_208' title='bbox 771 4193 808 4260; x_wconf 91' lang='lat' dir='ltr'>ct</span> <span class='ocrx_word' id='word_1_209' title='bbox 836 4181 1077 4260; x_wconf 85' lang='lat' dir='ltr'>Cancellarius</span> <span class='ocrx_word' id='word_1_210' title='bbox 1106 4205 1144 4259; x_wconf 88' lang='lat' dir='ltr'>se</span> <span class='ocrx_word' id='word_1_211' title='bbox 1173 4179 1331 4258; x_wconf 89' lang='lat' dir='ltr'>subscri-</span> 
     </span>
     <span class='ocr_line' id='line_1_32' title="bbox 162 4299 689 4407; baseline 0.004 -28"><span class='ocrx_word' id='word_1_212' title='bbox 162 4299 265 4398; x_wconf 87' lang='lat' dir='ltr'>bent,</span> <span class='ocrx_word' id='word_1_213' title='bbox 294 4303 358 4407; x_wconf 91' lang='lat' dir='ltr'>qui</span> <span class='ocrx_word' id='word_1_214' title='bbox 387 4317 505 4384; x_wconf 89' lang='lat' dir='ltr'>actum</span> <span class='ocrx_word' id='word_1_215' title='bbox 532 4303 689 4407; x_wconf 83' lang='lat' dir='ltr'>rogabit.</span> 
     </span>
    </p>

    <p class='ocr_par' dir='ltr' id='par_1_7' title="bbox 239 4424 1330 4536">
     <span class='ocr_line' id='line_1_33' title="bbox 239 4424 1330 4536; baseline 0.001 -32"><span class='ocrx_word' id='word_1_216' title='bbox 239 4424 505 4506; x_wconf 85' lang='lat' dir='ltr'>Procedendum</span> <span class='ocrx_word' id='word_1_217' title='bbox 541 4427 650 4506; x_wconf 86' lang='lat' dir='ltr'>ctiam</span> <span class='ocrx_word' id='word_1_218' title='bbox 684 4427 754 4508; x_wconf 92' lang='lat' dir='ltr'>erit</span> <span class='ocrx_word' id='word_1_219' title='bbox 797 4428 842 4508; x_wconf 90' lang='lat' dir='ltr'>ad</span> <span class='ocrx_word' id='word_1_220' title='bbox 879 4429 1136 4536; x_wconf 89' lang='lat' dir='ltr'>inspectionem</span> <span class='ocrx_word' id='word_1_221' title='bbox 1173 4427 1330 4534; x_wconf 89' lang='lat' dir='ltr'>corporis</span> 
     </span>
    </p>
   </div>
   <div class='ocr_carea' id='block_1_3' title="bbox 0 0 1728 5298">
    <p class='ocr_par' dir='ltr' id='par_1_8' title="bbox 0 0 1728 5298">
     <span class='ocr_line' id='line_1_34' title="bbox 0 0 1728 5298; baseline 0 0"><span class='ocrx_word' id='word_1_222' title='bbox 0 0 1728 5298; x_wconf 95' lang='lat' dir='ltr'> </span> 
     </span>
    </p>
   </div>
  </div>
 </body>
</html>
