3446 5298
846 421 882 434 -
905 389 1021 450 376·-

347 536 476 591 causas
495 537 593 607 vero,
616 538 709 618 quae
730 517 864 592 Rornae
892 513 1148 620 disceptandas
1169 527 1268 609 sunt,
1295 529 1380 593 'cum
1400 538 1525 592 earum

350 636 508 738 cognitio
535 635 573 713 in
600 639 715 741 prima
744 638 918 716 instantia
946 637 991 716 ad
1021 641 1057 715 S.
1082 641 1128 714 R.
1161 641 1203 716 ll.
1236 637 1459 716 Cardinalem
1488 637 1526 715 iu

349 757 511 864 praelata
539 759 650 855 Urbe,
682 761 831 866 eiusque
861 761 1052 841 Suburbiis
1079 775 1116 842 et
1143 761 1311 842 districtu
1345 761 1525 840 Vicarium

350 897 513 960 nostrum
533 882 570 959 iu
599 883 847 988 spiritualibus
876 911 938 990 pro
959 899 1117 990 tempore
1139 896 1291 990 spectet,
1314 883 1528 962 mandamus

350 1031 392 1084 ac
425 1005 604 1100 iuhemus,
636 1019 676 1084 ut
704 1008 822 1086 omnia
850 1023 887 1087 et
914 1008 1070 1112 singula,
1111 1033 1204 1112 quae
1233 1008 1271 1086 in
1298 1009 1378 1087 aliis
1407 1008 1527 1086 causis

349 1142 451 1207 entra
489 1153 672 1208 romanam
709 1133 849 1209 Curiam
887 1131 1150 1237 pertractandis
1189 1131 1409 1238 praescripta
1447 1129 1527 1210 luc-

351 1267 450 1348 runt,
482 1278 609 1359 nempe
638 1267 679 1332 ut
706 1253 877 1334 iudicium
897 1269 1090 1360 peragatur
1109 1255 1219 1335 citato
1248 1269 1284 1334 et
1311 1253 1434 1334 audito
1462 1253 1528 1332 de-

351 1379 491 1456 lensore
510 1378 728 1457 matrimonii
748 1377 793 1456 ab
814 1377 938 1458 eodem
966 1379 1147 1458 Cardinali
1175 1379 1315 1459 Vicario
1334 1377 1523 1484 deputato,

350 1503 493 1608 aliaque
522 1515 562 1580 ut
591 1528 701 1608 supra
729 1505 872 1582 omnino
901 1519 1104 1600 serventur,
1138 1518 1213 1583 tum
1242 1505 1350 1584 etiam
1378 1503 1416 1580 in
1445 1503 1528 1580 aliis

351 1625 485 1720 causis,
516 1651 610 1730 quae
647 1627 684 1702 in
713 1628 826 1730 prima
863 1626 1036 1705 instantia
1073 1653 1117 1705 er
1146 1651 1322 1705 consensu
1350 1626 1523 1730 partium,

352 1749 409 1828 vel
428 1749 466 1826 in
485 1749 643 1827 secunda
671 1774 735 1854 per
754 1749 1029 1856 appellationem
1058 1751 1103 1829 ad
1123 1751 1250 1830 Sedent
1278 1749 1524 1856 apostolicam,

351 1875 482 1954 omisso
510 1873 640 1970 medio,
672 1875 934 1980 interpositam,
967 1876 1023 1954 vel
1052 1877 1089 1954 in
1118 1877 1224 1955 tertia
1254 1878 1403 1954 Romam
1427 1872 1530 1952 delc-

353 2013 497 2096 runtur,
520 2027 610 2106 quas
630 2025 751 2079 omnes
771 2001 922 2080 iudicari
938 2001 1103 2079 volumus
1124 2001 1178 2079 vel
1194 2000 1232 2078 in
1248 2001 1529 2104 Congregatione

354 2130 391 2204 S.
414 2130 462 2203 ll.
484 2129 527 2203 E.
551 2125 791 2204 Cardinalium
821 2151 929 2230 super
939 2126 1255 2232 ‚interpretatione
1283 2137 1319 2202 et
1347 2123 1531 2202 executio-

354 2275 399 2328 ne
419 2251 564 2329 Concilii
584 2249 786 2344 tridentini,
818 2250 872 2327 vel
901 2249 938 2328 in
959 2275 1147 2329 causarum
1167 2249 1295 2328 Palatii
1324 2249 1437 2326 nostri
1456 2255 1531 2326 Au-

355 2374 499 2467 ditorio,
535 2373 724 2452 dummodo
753 2373 864 2452 Nobis
896 2387 933 2452 et
970 2398 1115 2452 rontano
1153 2371 1314 2450 Pontifici
1342 2397 1407 2476 pro
1435 2384 1528 2448 tem-

353 2521 438 2602 pore
453 2497 558 2576 iustis
572 2521 617 2575 ex
636 2497 755 2576 causis
776 2521 847 2575 non
867 2497 1033 2576 videatur
1048 2495 1276 2602 particularis
1295 2494 1530 2597 Congregatio

355 2625 392 2698 S.
416 2625 463 2698 R.
486 2625 528 2698 lt.
557 2619 812 2715 Cardinalium‚
846 2621 901 2700 rel
929 2646 1094 2699 romanae
1123 2621 1249 2698 Curiae
1286 2619 1530 2698 Praelatorum

356 2744 576 2850 deputanda.
609 2749 693 2824 Cum
713 2758 833 2824 autem
853 2772 962 2824 causa
981 2771 1090 2851 super
1115 2741 1332 2823 matrimonii
1361 2742 1530 2821 nullitate

356 2868 553 2970 agitabitur
581 2869 733 2948 indicta
761 2867 1042 2973 Congrcgatione
1070 2873 1177 2947 SR.
1211 2871 1253 2946 ll.
1286 2865 1529 2945 Cardinalium

356 2991 502 3071 Concilii
535 2991 721 3071 tridentini
759 2993 1015 3098 interpretum,
1047 2990 1212 3070 defensor
1249 2989 1468 3068 matrimonii
1504 3015 1526 3066 a

356 3115 537 3194 cardinali
566 3117 750 3195 Praefecto
781 3115 942 3195 eiusdem
979 3113 1284 3218 Congregationis,
1315 3115 1346 3191 si
1375 3112 1525 3190 veroin

359 3239 488 3318 Palatii
516 3240 630 3318 nostri
659 3237 859 3336 auditorio,
883 3240 934 3318 ab¹
948 3239 1118 3318 inditore
1138 3238 1273 3317 decano
1292 3235 1443 3342 praelati
1464 3235 1529 3314 tri·

359 3366 516 3460 hunalis‚
548 3365 579 3443 si
609 3365 750 3444 demum
779 3366 818 3442 iu
845 3363 1124 3467 Congregatione
1153 3361 1376 3468 particulari,
1409 3385 1531 3464 aper-

358 3514 445 3568 sona
474 3487 633 3566 eiusdem
653 3488 944 3591 Congregationis
963 3486 1124 3588 digniore
1145 3485 1353 3591 deputetur.

438 3614 477 3712 ἓ.
513 3619 568 3690 tt.
606 3612 719 3690 Unica
746 3611 890 3716 quidem
910 3611 1082 3689 resolutio
1114 3635 1178 3715 pro
1212 3607 1379 3686 nullitate
1407 3605 1532 3684 matri-

358 3737 468 3815 monii
497 3750 677 3831 emanata,
709 3736 739 3815 si
774 3761 881 3814 causa
910 3737 947 3813 in
976 3735 1256 3838 Congregatione
1290 3731 1532 3810 Cardinalium

359 3859 505 3940 Concilii
524 3859 710 3939 tridentini
727 3859 976 3964 interpretum,
1000 3859 1056 3938 vel
1085 3859 1122 3936 in
1151 3861 1431 3962 congregatione
1450 3883 1535 3963 par-

360 3984 502 4062 ticulari
522 3983 693 4089 deputata
726 3997 972 4086 cognoscatur,
1005 3997 1040 4061 et
1068 3981 1232 4060 similiter
1258 3979 1296 4057 in
1315 3979 1444 4058 Palatii
1465 4003 1535 4056 no-

361 4109 426 4187 stri
448 4108 645 4205 duditorio,
668 4110 774 4186 unica
789 4108 969 4188 sententia
985 4132 1093 4212 super
1113 4105 1236 4185 eadem
1257 4103 1423 4182 nullitate
1451 4128 1535 4209 pro

363 4233 534 4312 nunciata
563 4232 705 4312 minime
740 4231 895 4312 sufficiat
927 4231 970 4308 ad
1003 4227 1231 4309 tribuendam
1264 4226 1412 4305 liberam
1450 4251 1536 4305 con-

364 4355 508 4458 iugibus
550 4357 756 4435 facultatem
793 4380 903 4433 novas
940 4357 1085 4460 nuptias
1120 4347 1380 4444 contrahendi,
1412 4349 1475 4429 sed
1504 4349 1535 4428 si
