3446 5298
865 409 1039 470 -tld-

365 530 508 634 ligionis
536 530 705 624 cultores,
737 535 800 636 qui
829 532 904 612 sola
932 533 1122 612 acatholici
1150 535 1351 614 consistorii
1380 535 1536 616 auctori·

366 669 462 752 tate,
502 680 652 736 excusso
688 656 816 761 prioris
845 656 1061 738 matrimonii
1099 657 1242 738 vinculo
1274 657 1319 738 ad
1357 659 1536 738 secundas

365 779 511 886 nuptias
538 805 656 858 <coram
684 779 846 859 ministro
873 781 1070 860 acatholico
1098 782 1383 888 properaverint,
1406 781 1535 862 deinde

368 905 512 985 admissi
528 905 672 986 sceleris
691 907 917 1011 poenitentes
937 905 1077 984 veniam
1093 905 1275 987 humiliter
1295 921 1435 1012 petant,
1454 932 1536 1012 pos·

365 1032 439 1112 sint
458 1031 503 1109 ad
523 1044 824 1110 sacramentorum
836 1029 1156 1136 participationem
1175 1031 1329 1110 admitti.
1348 1030 1417 1110 Sed
1437 1029 1536 1110 nulla

372 1157 440 1236 hac
468 1155 505 1234 in
524 1179 561 1233 re
581 1168 797 1258 potestesse
816 1153 1010 1250 dubitatio,
1032 1154 1208 1260 siquidem
1228 1181 1330 1236 veros
1349 1159 1537 1261 poeniten·

368 1284 439 1361 tiae
467 1278 605 1358 fructus
633 1277 782 1375 iaciant,
813 1303 965 1384 quorum
993 1279 1147 1384 primum
1166 1280 1267 1360 illum
1286 1305 1364 1360 esse
1378 1293 1533 1386 oportet,

367 1418 410 1484 ut
437 1431 457 1482 a
486 1401 643 1482 secundo
671 1403 820 1505 coniuge
849 1417 1078 1508 separentur,
1101 1405 1132 1482 si
1151 1404 1247 1510 prior
1275 1404 1372 1482 vivat
1400 1403 1533 1483 adhuc.

369 1525 430 1604 Sin
459 1549 541 1602 vero
578 1521 785 1618 decesserit,
826 1535 862 1600 et
890 1534 1042 1626 uterque
1080 1525 1210 1602 coniux
1243 1523 1290 1602 sit
1322 1523 1534 1618 catholicus,

368 1648 565 1754 Episcopus
600 1659 735 1726 statuet
763 1645 850 1750 quid
880 1645 973 1726 lacto
1009 1673 1100 1753 opus
1127 1646 1249 1744 luerit,
1282 1662 1324 1728 ut
1359 1648 1427 1729 rite
1454 1673 1540 1728 san-

368 1785 495 1876 cthne
524 1769 786 1850 matrimonium
815 1771 978 1850 contrahi
1007 1772 1132 1876 possit.
1165 1770 1233 1850 Sed
1263 1771 1294 1850 si
1320 1771 1542 1854 acatholicus

367 1895 457 1976 alter
485 1921 529 1974 er
556 1893 768 1996 coniugibus
796 1893 916 1989 luerit,
947 1894 1010 1998 qui
1038 1920 1118 1974 cum
1146 1895 1320 1976 catholico
1355 1895 1441 1976 velit
1463 1913 1542 1974 'nu-

369 2019 463 2124 ptias
491 2017 603 2113 inire,
627 2018 683 2095 vel
712 2017 749 2094 in
767 2041 809 2096 eo
836 2041 937 2112 casu,
956 2043 1027 2122 quo
1047 2017 1228 2099 vinculum
1248 2019 1378 2123 prioris
1393 2019 1451 2098 sui
1466 2043 1542 2094 ma-

370 2143 527 2224 trimonii
555 2165 618 2246 per
646 2139 823 2246 duplicem
843 2141 1058 2221 sententiam
1078 2140 1206 2222 iudicis
1224 2141 1454 2226 ecclesiastici
1474 2141 1542 2220 rite

371 2293 413 2346 ac
447 2266 601 2370 legitime
635 2263 849 2346 dissolutum
882 2264 1008 2360 luerit,
1044 2265 1099 2345 tel
1128 2266 1166 2346 in
1200 2265 1313 2346 altero
1345 2265 1441 2370 quod
1478 2291 1543 2372 per

372 2403 520 2471 mortem
558 2390 707 2470 alterius
734 2392 894 2494 coniugis
931 2390 1084 2495 primum
1121 2391 1388 2470 matrimonium
1416 2403 1544 2496 suapte

372 2527 502 2594 natura
531 2513 733 2620 disruptum
762 2540 803 2593 ac
822 2515 1010 2596 discissum
1030 2514 1152 2611 luerit,
1174 2529 1262 2594 tunc
1281 2529 1386 2596 caute
1413 2529 1450 2594 et
1469 2539 1546 2594 ma-

373 2641 466 2718 xima
494 2638 658 2717 adhibita
685 2637 870 2740 diligentia
899 2663 936 2718 se
966 2652 1090 2740 gerant
1118 2639 1298 2744 Episcopi.
1330 2638 1544 2717 Huiusmodi

372 2761 467 2842 enim
495 2760 719 2842 matrimonia
748 2762 841 2840 inter
870 2787 977 2840 unam
1006 2775 1144 2866 partem
1173 2761 1404 2856 haereticam,
1427 2773 1463 2840 et
1491 2760 1545 2839 al·

374 2901 486 2968 teram
515 2887 740 2981 catholicam,
772 2909 852 2964 oum
881 2885 1037 2966 Ecclesia
1057 2911 1197 2991 semper
1211 2885 1390 2966 detestata
1419 2884 1541 2980 luerit,

374 3028 409 3092 et
437 3013 671 3092 severissimis
698 3011 839 3112 legibus
867 3011 1109 3105 interdixerit,
1131 3037 1172 3092 eo
1193 3013 1248 3092 vel
1277 3011 1429 3090 maxime
1447 3010 1544 3115 quod

372 3135 582 3241 plerumque
611 3134 737 3215 subest
769 3161 875 3238 grave
912 3135 1110 3239 periculum
1146 3135 1375 3242 pervertendi
1398 3151 1435 3216 et
1462 3136 1546 3218 abs·

376 3257 542 3338 trahendi
571 3285 591 3336 a
620 3257 689 3338 lide
726 3257 899 3338 catholica
937 3260 1137 3362 coniugem,
1168 3273 1204 3340 et
1228 3285 1361 3366 anceps
1398 3285 1440 3338 ac
1477 3259 1546 3338 du-

373 3381 433 3460 bia
462 3382 509 3460 sit
538 3380 701 3460 educatio
730 3381 839 3486 prolis
868 3381 1057 3486 utriusque
1087 3407 1195 3462 sexus
1223 3384 1259 3462 in
1288 3383 1458 3486 religione
1486 3409 1546 3462 ca-

377 3505 522 3599 tholica,
554 3505 749 3584 christiana
778 3506 953 3585 charitate
982 3520 1018 3586 et
1046 3507 1226 3588 suavitate
1254 3521 1430 3612 quantum
1467 3507 1544 3586 lieri

374 3632 528 3743 poterit,
568 3642 733 3708 avertant
766 3630 931 3735 Episcopi
964 3654 1005 3708 ac
1043 3630 1206 3710 reiiciant
1243 3631 1329 3710 talia
1363 3631 1542 3734 coniugia.

374 3755 474 3846 Quod
502 3756 532 3834 si
560 3755 758 3861 periculum
786 3753 1023 3860 perversionis
1051 3757 1212 3858 coniugis
1236 3769 1475 3851 removeatur,
1508 3768 1545 3835 et

373 3880 483 3986 prolis
511 3878 674 3960 educatio
703 3880 740 3958 in
768 3893 847 3959 tuto
876 3879 936 3972 sit,
972 3881 1016 3959 iis
1049 3879 1221 3960 abhibitis
1258 3881 1540 3976 conditionibus,

373 4029 464 4108 quas
492 4003 707 4086 Benedictus
734 4005 814 4082 xlv
843 4002 880 4080 in
909 4003 1222 4108 supramemoratis
1249 4004 1274 4082 li
1283 4005 1389 4084 ttoris
1408 4003 1453 4082 ad
1472 4003 1550 4083 Pri-

372 4142 502 4207 matem
531 4141 567 4206 et
595 4127 761 4206 Poloniae
799 4126 992 4230 Episcopus
1027 4125 1218 4228 diligenter
1257 4152 1400 4208 servare
1446 4152 1552 4234 prae·

373 4251 529 4356 scripsit,
560 4263 686 4356 tuque,
717 4275 800 4330 ven.
832 4254 971 4344 Frater,
1004 4262 1068 4328 aut
1095 4251 1260 4354 Episcopi
1289 4253 1343 4330 tui
1371 4249 1549 4353 suffraga-

375 4377 433 4456 nei
462 4403 482 4453 a
510 4375 620 4455 Nobis
648 4375 818 4481 petierint
846 4373 965 4479 aliquo
995 4374 1032 4452 in
1051 4399 1150 4470 casu,
1174 4387 1210 4454 et
1229 4399 1274 4454 er
1292 4373 1546 4478 urgentissima
