3406 5302
676 399 851 464 -279-

176 549 242 604 suo
269 525 307 602 in
334 525 585 630 spiritualibus
617 527 755 606 vicario
776 527 945 630 generali,
969 527 1029 632 qui
1054 527 1341 632 processualibus

174 649 308 728 tabulis
334 649 503 728 corilectis
532 651 576 728 ad
606 651 781 745 tramitcS,
815 653 867 729 uti
900 650 1027 742 lertur,
1068 653 1340 730 Constitutionis

175 773 242 852 Dei
267 774 495 852 miseratione
531 801 550 852 a
579 801 610 852 s.
642 801 689 852 m.
723 776 913 854 benedicto
950 779 1030 853 xlv
1066 774 1159 852 latae
1190 775 1264 880 (t),
1297 801 1341 854 ex

176 897 447 1000 probationibus
476 912 551 976 tum
580 925 600 975 a
629 899 894 1004 parochialibus
923 899 1036 992 libris,
1060 911 1137 977 turn
1154 926 1174 975 a
1194 901 1339 979 testium

177 1019 458 1124 depositionibus
490 1023 617 1118 erutis,
658 1039 874 1128 compertum
913 1023 1054 1115 habuit,
1094 1037 1258 1101 constare
1296 1023 1339 1102 de

178 1145 428 1248 impedimento
456 1149 777 1250 consanguinitatis
805 1151 842 1226 iu
869 1150 974 1227 tertio
1013 1147 1123 1250 gradu
1161 1148 1254 1227 inter
1282 1151 1341 1226 Ti-

179 1268 267 1348 tium
298 1273 334 1346 S.
366 1277 412 1348 et
431 1273 573 1348 Bertam
603 1275 644 1347 B.
1060 1291 1063 1298 ·

258 1400 295 1470 l.
328 1392 380 1472 nd
408 1393 579 1472 monitum
609 1393 719 1494 igitur
738 1405 845 1496 etque
864 1395 1121 1498 praescriptum
1142 1394 1203 1472 cit.
1226 1401 1342 1475 Bone-

178 1514 332 1594 dictiuae
368 1519 652 1612 constitutionis,
692 1517 907 1596 matrimonii
943 1517 1107 1597 dolensor
1143 1545 1186 1598 eu
1224 1521 1338 1600 officio

178 1635 272 1743 apud
315 1639 410 1716 illam
452 1641 685 1746 episcopalem
728 1641 866 1719 Curiam
909 1640 1080 1737 adscitus,
1124 1645 1339 1748 quibusdam

177 1763 545 1844 animadversionibus
573 1765 756 1846 destruere
776 1767 907 1868 satagit
934 1766 1005 1843 vim
1032 1767 1280 1871 probationum
1302 1771 1340 1846 in

177 1887 307 1967 indicio
335 1888 582 1968 deductarum.
615 1893 661 1969 Et
689 1889 800 1994 primo
828 1889 970 1994 quidem
999 1891 1134 1968 nullius
1172 1893 1340 1972 momenti

177 2035 255 2090 esse
282 2011 526 2116 probationem
554 2013 795 2117 impedimenti
815 2037 859 2090 err
876 2013 1139 2114 parochialibus
1158 2015 1340 2094 codicibus

177 2136 436 2242 depromptam,
468 2137 608 2216 duobus
636 2137 822 2215 ostendere
850 2147 1011 2214 conatur:
1050 2137 1107 2215 vel
1141 2163 1267 2242 nempe
1294 2163 1338 2218 er

178 2285 219 2339 oo
246 2260 341 2365 quod
371 2259 540 2339 identitas
566 2285 810 2364 personarum,
846 2260 1003 2362 quaein
1039 2260 1218 2338 scbemate
1256 2285 1340 2337 con-

178 2383 432 2486 sanguinitatis
446 2396 691 2476 recensentur,
709 2383 851 2460 omnino
870 2397 987 2478 nutet;
1005 2427 1030 2442 -
1049 2383 1103 2460 vel
1120 2407 1162 2462 eu
1184 2407 1225 2460 eo
1243 2380 1339 2486 quod

176 2506 213 2584 in
233 2489 437 2610 genealogia
456 2507 628 2585 maiorum
648 2511 774 2584 Bertae
794 2531 864 2584 nou
883 2520 1020 2584 constet
1035 2531 1079 2582 an
1104 2505 1334 2584 DominicaP.

174 2631 246 2709 lilia
284 2629 445 2710 Andreae
483 2631 630 2735 stipitis,
670 2631 717 2708 sit
754 2630 832 2708 aria
870 2629 985 2710 dictae
1023 2633 1164 2722 bertae,
1205 2627 1336 2732 quippe

175 2753 300 2834 iisdem
341 2757 378 2832 in
419 2755 520 2833 libris
557 2779 629 2832 non
664 2755 840 2858 reperitur
876 2753 1051 2858 particula
1088 2753 1334 2845 matrimonii,

174 2876 269 2980 quod
297 2877 341 2955 ab
370 2901 411 2956 ea
440 2877 626 2956 Dominica
657 2876 872 2954 celebratum
911 2876 1084 2955 asseritur
1113 2901 1191 2954 cum
1220 2879 1342 2977 dugu-

174 3001 339 3088 stinoB.

255 3125 307 3203 nd
336 3125 581 3231 probationem
610 3139 727 3204 autem
756 3125 850 3230 quod
879 3125 1008 3204 attinet
1031 3148 1074 3202 ex
1103 3124 1248 3204 testium
1278 3123 1342 3202 de-

174 3249 353 3353 positione
381 3251 547 3356 petitam,
570 3249 648 3327 eius
667 3251 738 3327 vim
757 3248 879 3327 confici
900 3249 1001 3328 lacile
1020 3273 1121 3354 posse
1142 3249 1339 3327 arbitratur

175 3397 218 3450 ex
246 3373 410 3476 pluribus
436 3375 721 3479 exceptionibus
762 3373 894 3478 quibus
931 3373 1068 3452 inducti
1101 3385 1210 3451 testes
1239 3373 1340 3452 labo-

175 3511 269 3590 rant.
293 3539 316 3556 ·-
337 3497 500 3576 dubitari
517 3499 613 3576 enim
633 3497 892 3576 rationabiliter
912 3522 1013 3602 posse
1034 3509 1209 3592 autumat,
1250 3501 1338 3601 quin

174 3631 297 3713 testes,
329 3645 372 3698 en
401 3622 498 3723 gravi
525 3645 649 3700 corum
678 3635 795 3700 aetate
823 3623 912 3701 satis
939 3634 1056 3700 mente
1093 3623 1334 3716 constiterint,

174 3742 222 3820 ita
250 3757 292 3822 ut
320 3745 428 3847 probe
456 3745 620 3823 noverint
639 3745 726 3850 quid
747 3746 784 3824 in
803 3746 933 3824 indicio
953 3745 1181 3850 protulerint,
1204 3744 1336 3850 quidve

172 3865 287 3946 dicere
315 3867 537 3964 debuissent;
561 3895 665 3947 -eos
693 3881 907 3974 paupertate
936 3869 1038 3947 ualde
1075 3870 1200 3974 premi,
1241 3868 1338 3946 unde

172 3992 325 4096 suspicio
352 3992 445 4096 quod
474 3995 574 4071 nullo
601 3995 746 4096 negotio
776 3995 910 4072 luerint
939 3994 1089 4098 pecunia
1118 3995 1289 4098 corrupti3
1313 4035 1337 4052 -

173 4139 362 4218 congruam
391 4117 566 4196 dictorum
595 4140 666 4196 non
687 4117 828 4196 dedisse
847 4118 1037 4213 rationem,
1061 4143 1166 4223 saepe
1186 4119 1338 4197 aliorum

243 4397 283 4472 (ll
301 4399 357 4456 Clr.
378 4397 518 4456 eiusmodi
537 4399 631 4456 const.
653 4395 727 4452 iutra
752 4395 782 4452 iu
803 4395 964 4467 rependere
982 4401 1008 4454 t.
