3446 5298
819 453 857 486 -'
878 441 937 504 384
959 473 996 488 ·-

408 565 444 644 Si
472 588 622 644 examen
649 591 722 644 una
750 567 908 646 sessione
938 566 1074 646 absolvi
1103 592 1174 646 non
1203 567 1349 672 poterit,
1386 567 1501 648 Index

326 689 416 768 illud
443 689 654 794 suspendet,
677 715 718 769 ac
731 689 928 770 destinabit
955 693 1066 770 etiam
1093 691 1188 770 diem
1217 705 1254 772 ot
1282 693 1406 772 boram
1433 719 1500 799 pro

326 816 609 921 reassumptione
638 829 674 896 et
700 819 949 922 prosecutione
978 819 1103 898 iisdem
1131 818 1234 897 modo
1256 843 1297 896 ac
1317 817 1428 898 lorma
1448 819 1503 897 la-

325 940 466 1035 cienda,
497 953 537 1018 ut
565 965 674 1045 supra
703 939 838 1021 dictum
866 957 935 1022 est.
969 941 1144 1022 Absoluta
1163 943 1327 1022 examine
1355 942 1503 1022 Cancel-

325 1063 437 1141 larins
465 1063 559 1166 leget
587 1063 681 1142 clara
710 1078 746 1144 et
765 1065 984 1170 intelligibili
1004 1091 1089 1146 uoce
1108 1067 1359 1172 responsiones
1379 1067 1498 1162 datas,

326 1186 420 1266 lacta
449 1187 652 1267 examinato
680 1189 851 1269 facultate
880 1191 1043 1271 variandi
1081 1204 1117 1270 et
1149 1190 1355 1270 declarandi
1394 1191 1500 1270 datas

327 1313 591 1416 responsiones,
631 1325 739 1417 prout
767 1314 800 1392 ei
828 1314 989 1395 libuerit.
1030 1316 1187 1394 Tandem
1214 1316 1328 1394 ludex
1362 1314 1502 1394 delerat

327 1435 567 1514 iuramentum
595 1434 710 1514 eidem
737 1439 894 1539 coniugi,
925 1463 964 1516 se
992 1463 1077 1516 uera
1105 1437 1253 1534 dixisse,
1275 1452 1384 1543 atque
1404 1462 1501 1516 nun-

326 1587 433 1666 quam
463 1575 546 1640 ante
574 1560 852 1665 publicationem
882 1588 1070 1666 processus
1089 1589 1127 1642 se
1147 1563 1398 1665 evulgaturum
1419 1563 1495 1640 sive

326 1687 624 1790 interrogationes
652 1688 868 1792 propositas,
899 1691 974 1766 sive
1008 1688 1257 1793 responsiones
1285 1687 1403 1766 datas.
1426 1690 1500 1765 lle·

325 1811 409 1889 inde
438 1811 512 1915 ipse
541 1809 757 1905 subscribet,
789 1825 825 1889 et
853 1813 883 1890 si
911 1811 1019 1891 fuerit
1048 1812 1240 1891 illiteratus
1268 1835 1332 1916 per
1352 1811 1497 1912 signnm

325 1936 493 2038 Cru†cis;
524 1933 609 2012 dein
637 1933 751 2013 Iudex
779 1948 815 2013 et
843 1933 1014 2014 Delensor
1044 1935 1241 2014 validitatis
1275 1935 1498 2014 matrimonii
1546 2029 1563 2052 ·

327 2072 482 2164 apponet
508 2083 608 2136 suam
646 2057 959 2162 subscriptionem,
998 2073 1035 2138 et
1063 2060 1305 2138 Cancellarius
1333 2059 1377 2138 de
1413 2073 1499 2139 actu

328 2181 482 2284 rogabit.

408 2305 542 2384 Poterit
570 2328 654 2409 pars
674 2303 828 2382 examini
856 2303 1019 2384 subiecta
1039 2303 1095 2383 vel
1114 2305 1209 2384 illico
1227 2319 1308 2411 post
1328 2331 1496 2403 eramen,

328 2427 520 2506 ueletiam
557 2429 726 2533 deinceps
767 2443 960 2534 antequam
991 2430 1195 2536 publicetur
1231 2456 1434 2537 processus
1467 2431 1498 2509 si

328 2555 430 2651 velit,
461 2554 631 2632 articulos
667 2577 880 2658 proponere,
918 2580 1027 2660 super
1063 2555 1196 2660 quibus
1233 2558 1356 2653 etiam,
1387 2555 1499 2635 citato

328 2677 520 2756 Delensore
548 2677 779 2772 matrimonii,
811 2677 878 2756 erit
906 2677 1166 2758 examinandus
1181 2679 1273 2757 alter
1291 2679 1439 2774 coniux,
1461 2691 1499 2758 et

328 2818 510 2909 quatenus
537 2806 645 2882 etiam
675 2803 720 2882 ab
741 2805 808 2883 boc
827 2805 969 2882 articuli
993 2820 1254 2910 proponantur,
1277 2809 1345 2884 crit
1366 2806 1499 2884 iterum

327 2926 495 3006 citandus
522 2929 667 3022 coniux,
698 2929 761 3033 qui
790 2928 927 3032 primus
946 2927 1064 3008 luerat
1088 2931 1345 3030 interrogatus,
1377 2943 1415 3008 et
1434 2927 1504 3006 ad-

327 3065 447 3130 stante
481 3050 673 3130 Delensore
711 3053 941 3147 matrimonii,
979 3078 1087 3159 super
1115 3054 1277 3133 articulis
1309 3053 1354 3133 ab
1383 3055 1499 3136 altero

328 3175 522 3280 propositis
549 3175 731 3255 audietur.

407 3301 504 3376 Haec
536 3325 659 3377 norma
691 3323 784 3403 quae
817 3297 902 3376 data
931 3297 999 3378 luit
1028 3325 1092 3404 pro
1125 3300 1296 3380 instantis
1334 3305 1498 3382 examine

328 3419 504 3500 servanda
533 3421 616 3516 erit,
639 3447 795 3526 congrua
814 3422 981 3524 congruis
1001 3421 1200 3520 referendo,
1223 3425 1261 3502 in
1280 3429 1408 3530 quovis
1428 3427 1500 3504 alio

327 3548 504 3625 examine.

408 3669 561 3774 Expleto
579 3669 741 3748 examine
762 3670 859 3750 illius
877 3669 1039 3772 coniugis
1058 3671 1121 3775 qui
1141 3685 1241 3750 actor
1259 3667 1330 3750 init
1357 3674 1395 3750 in
1416 3697 1502 3777 pro-

328 3791 503 3873 movenda
542 3793 721 3872 nullitatis
763 3794 928 3899 querela,
969 3795 1135 3898 sequitur
1171 3821 1321 3874 examen
1349 3796 1502 3876 alterius

326 3917 502 4018 coniugis,
532 3916 628 4021 quod
655 3917 723 3996 erit
743 3915 1000 3996 conficiendum
1020 3917 1145 3996 iisdem
1165 3943 1312 4023 prorsus
1330 3920 1500 4000 methodo

326 4065 368 4117 ac
395 4038 487 4142 lege,
518 4065 611 4144 quae
625 4042 869 4145 praescriptae
889 4039 1036 4120 luerunt
1056 4043 1093 4119 in
1114 4042 1414 4146 praecedentibus
1433 4069 1501 4148 pa-

325 4163 529 4268 ragraphiS,
560 4189 601 4241 ac
615 4163 682 4241 sub
702 4163 828 4242 iisdem
847 4165 1133 4268 interrogatoriis
1153 4169 1264 4246 actori
1283 4169 1493 4274 propositis,

326 4285 383 4364 vel
411 4285 491 4364 aliis
519 4285 666 4378 additis,
698 4287 754 4365 rel
783 4287 884 4366 novis
912 4287 1084 4367 conlectis
1103 4304 1210 4393 prout
1230 4291 1402 4371 Defensor
1421 4319 1499 4372 ma-

327 4408 485 4486 trimonii
514 4408 552 4486 in
580 4411 729 4488 Domino
757 4413 952 4492 censuerit.
