<?xml version="1.0" encoding="UTF-8"?>
<!DOCTYPE html PUBLIC "-//W3C//DTD XHTML 1.0 Transitional//EN"
    "http://www.w3.org/TR/xhtml1/DTD/xhtml1-transitional.dtd">
<html xmlns="http://www.w3.org/1999/xhtml" xml:lang="en" lang="en">
 <head>
  <title>
</title>
<meta http-equiv="Content-Type" content="text/html;charset=utf-8" />
  <meta name='ocr-system' content='tesseract 3.04.00' />
  <meta name='ocr-capabilities' content='ocr_page ocr_carea ocr_par ocr_line ocrx_word'/>
</head>
<body>
  <div class='ocr_page' id='page_1' title='image "./deimpedimentism00mansgoog_0282.png"; bbox 0 0 3406 5302; ppageno 0'>
   <div class='ocr_carea' id='block_1_1' title="bbox 364 487 1117 828">
    <p class='ocr_par' dir='ltr' id='par_1_1' title="bbox 364 487 1117 828">
     <span class='ocr_line' id='line_1_1' title="bbox 657 487 828 548; baseline 0.012 -18"><span class='ocrx_word' id='word_1_1' title='bbox 657 521 690 530; x_wconf 93' lang='lat'>...</span> <span class='ocrx_word' id='word_1_2' title='bbox 713 487 771 548; x_wconf 66' lang='lat'>263</span> <span class='ocrx_word' id='word_1_3' title='bbox 794 519 828 532; x_wconf 92' lang='lat'>..</span> 
     </span>
     <span class='ocr_line' id='line_1_2' title="bbox 364 731 1117 828; baseline 0 -30"><span class='ocrx_word' id='word_1_4' title='bbox 364 731 392 814; x_wconf 78' lang='lat' dir='ltr'>c)</span> <span class='ocrx_word' id='word_1_5' title='bbox 417 731 462 805; x_wconf 88' lang='lat' dir='ltr'>lle</span> <span class='ocrx_word' id='word_1_6' title='bbox 485 731 618 823; x_wconf 79' lang='lat' dir='ltr'>pannoni</span> <span class='ocrx_word' id='word_1_7' title='bbox 640 731 693 806; x_wconf 80' lang='lat' dir='ltr'>vel</span> <span class='ocrx_word' id='word_1_8' title='bbox 715 732 876 808; x_wconf 70' lang='lat' dir='ltr'>ordinabi</span> <span class='ocrx_word' id='word_1_9' title='bbox 900 732 1117 828; x_wconf 75' lang='lat' dir='ltr'>delegatione.</span> 
     </span>
    </p>
   </div>
   <div class='ocr_carea' id='block_1_2' title="bbox 158 965 1339 4048">
    <p class='ocr_par' dir='ltr' id='par_1_2' title="bbox 158 965 1339 4048">
     <span class='ocr_line' id='line_1_3' title="bbox 243 965 1329 1072; baseline 0.005 -30"><span class='ocrx_word' id='word_1_10' title='bbox 243 971 307 1042; x_wconf 85' lang='grc'>36.</span> <span class='ocrx_word' id='word_1_11' title='bbox 327 967 448 1069; x_wconf 86' lang='lat' dir='ltr'>Neque</span> <span class='ocrx_word' id='word_1_12' title='bbox 465 965 598 1044; x_wconf 90' lang='lat' dir='ltr'>ielicior</span> <span class='ocrx_word' id='word_1_13' title='bbox 613 990 691 1046; x_wconf 90' lang='lat' dir='ltr'>esse</span> <span class='ocrx_word' id='word_1_14' title='bbox 706 981 824 1071; x_wconf 90' lang='lat' dir='ltr'>potest</span> <span class='ocrx_word' id='word_1_15' title='bbox 839 967 947 1044; x_wconf 85' lang='lat' dir='ltr'>terlio</span> <span class='ocrx_word' id='word_1_16' title='bbox 962 965 1172 1072; x_wconf 82' lang='lat' dir='ltr'>hypothesis</span> <span class='ocrx_word' id='word_1_17' title='bbox 1187 967 1243 1072; x_wconf 89' lang='lat' dir='ltr'>(u.</span> <span class='ocrx_word' id='word_1_18' title='bbox 1259 965 1329 1071; x_wconf 79' lang='lat'>30)</span> 
     </span>
     <span class='ocr_line' id='line_1_4' title="bbox 160 1086 1327 1198; baseline 0 -32"><span class='ocrx_word' id='word_1_19' title='bbox 160 1086 257 1192; x_wconf 90' lang='lat' dir='ltr'>quod</span> <span class='ocrx_word' id='word_1_20' title='bbox 286 1089 464 1193; x_wconf 77' lang='lat' dir='ltr'>parochus</span> <span class='ocrx_word' id='word_1_21' title='bbox 492 1115 522 1166; x_wconf 91' lang='lat' dir='ltr'>s.</span> <span class='ocrx_word' id='word_1_22' title='bbox 555 1091 733 1198; x_wconf 67' lang='lat' dir='ltr'>anucisci</span> <span class='ocrx_word' id='word_1_23' title='bbox 752 1089 1003 1194; x_wconf 77' lang='lat' dir='ltr'>delegationem</span> <span class='ocrx_word' id='word_1_24' title='bbox 1027 1089 1203 1193; x_wconf 88' lang='lat' dir='ltr'>acceperit</span> <span class='ocrx_word' id='word_1_25' title='bbox 1222 1116 1241 1166; x_wconf 91' lang='lat' dir='ltr'>a</span> <span class='ocrx_word' id='word_1_26' title='bbox 1262 1115 1327 1194; x_wconf 88' lang='lat' dir='ltr'>pa-</span> 
     </span>
     <span class='ocr_line' id='line_1_5' title="bbox 161 1211 1329 1309; baseline 0.002 -19"><span class='ocrx_word' id='word_1_27' title='bbox 161 1213 277 1291; x_wconf 90' lang='lat' dir='ltr'>rocho</span> <span class='ocrx_word' id='word_1_28' title='bbox 318 1237 349 1291; x_wconf 92' lang='lat' dir='ltr'>s.</span> <span class='ocrx_word' id='word_1_29' title='bbox 382 1213 582 1308; x_wconf 88' lang='lat' dir='ltr'>Laurentii,</span> <span class='ocrx_word' id='word_1_30' title='bbox 622 1214 677 1293; x_wconf 89' lang='lat' dir='ltr'>vel</span> <span class='ocrx_word' id='word_1_31' title='bbox 720 1215 765 1293; x_wconf 88' lang='lat' dir='ltr'>ab</span> <span class='ocrx_word' id='word_1_32' title='bbox 812 1214 1027 1309; x_wconf 76' lang='lat' dir='ltr'>ordinarie,</span> <span class='ocrx_word' id='word_1_33' title='bbox 1071 1211 1116 1290; x_wconf 87' lang='lat' dir='ltr'>ad</span> <span class='ocrx_word' id='word_1_34' title='bbox 1168 1215 1329 1292; x_wconf 81' lang='lat' dir='ltr'>tramites</span> 
     </span>
     <span class='ocr_line' id='line_1_6' title="bbox 165 1335 1331 1446; baseline 0.002 -32"><span class='ocrx_word' id='word_1_35' title='bbox 165 1335 353 1416; x_wconf 87' lang='lat' dir='ltr'>tridentini</span> <span class='ocrx_word' id='word_1_36' title='bbox 392 1338 524 1418; x_wconf 90' lang='lat' dir='ltr'>decreti</span> <span class='ocrx_word' id='word_1_37' title='bbox 554 1339 658 1446; x_wconf 87' lang='lat' dir='ltr'>(sese.</span> <span class='ocrx_word' id='word_1_38' title='bbox 692 1348 755 1418; x_wconf 69' lang='lat' dir='ltr'>dd.</span> <span class='ocrx_word' id='word_1_39' title='bbox 788 1365 817 1418; x_wconf 90' lang='lat' dir='ltr'>c.</span> <span class='ocrx_word' id='word_1_40' title='bbox 855 1339 910 1444; x_wconf 88' lang='lat' dir='ltr'>l).</span> <span class='ocrx_word' id='word_1_41' title='bbox 933 1340 1071 1419; x_wconf 93' lang='lat' dir='ltr'>Nedum</span> <span class='ocrx_word' id='word_1_42' title='bbox 1090 1338 1184 1416; x_wconf 91' lang='lat' dir='ltr'>enim</span> <span class='ocrx_word' id='word_1_43' title='bbox 1204 1337 1331 1416; x_wconf 91' lang='lat' dir='ltr'>coniu-</span> 
     </span>
     <span class='ocr_line' id='line_1_7' title="bbox 162 1459 1325 1571; baseline 0.002 -33"><span class='ocrx_word' id='word_1_44' title='bbox 162 1485 222 1562; x_wconf 85' lang='lat' dir='ltr'>ges</span> <span class='ocrx_word' id='word_1_45' title='bbox 237 1459 442 1540; x_wconf 91' lang='lat' dir='ltr'>huiusmodi</span> <span class='ocrx_word' id='word_1_46' title='bbox 457 1460 714 1564; x_wconf 83' lang='lat' dir='ltr'>delegationem</span> <span class='ocrx_word' id='word_1_47' title='bbox 731 1463 927 1542; x_wconf 79' lang='lat' dir='ltr'>excludunt</span> <span class='ocrx_word' id='word_1_48' title='bbox 943 1465 1079 1571; x_wconf 76' lang='lat' dir='ltr'>(Actor.</span> <span class='ocrx_word' id='word_1_49' title='bbox 1102 1461 1175 1542; x_wconf 85' lang='lat' dir='ltr'>loll.</span> <span class='ocrx_word' id='word_1_50' title='bbox 1196 1462 1325 1568; x_wconf 84' lang='grc'>9-18),</span> 
     </span>
     <span class='ocr_line' id='line_1_8' title="bbox 161 1583 1339 1694; baseline 0.003 -33"><span class='ocrx_word' id='word_1_51' title='bbox 161 1597 198 1662; x_wconf 90' lang='lat' dir='ltr'>et</span> <span class='ocrx_word' id='word_1_52' title='bbox 224 1597 335 1664; x_wconf 88' lang='lat' dir='ltr'>testes</span> <span class='ocrx_word' id='word_1_53' title='bbox 363 1583 406 1664; x_wconf 92' lang='lat' dir='ltr'>de</span> <span class='ocrx_word' id='word_1_54' title='bbox 435 1586 495 1664; x_wconf 90' lang='lat' dir='ltr'>illa</span> <span class='ocrx_word' id='word_1_55' title='bbox 524 1587 614 1665; x_wconf 91' lang='lat' dir='ltr'>nibil</span> <span class='ocrx_word' id='word_1_56' title='bbox 642 1587 845 1694; x_wconf 88' lang='lat' dir='ltr'>deponunt;</span> <span class='ocrx_word' id='word_1_57' title='bbox 876 1587 939 1667; x_wconf 93' lang='lat' dir='ltr'>sed</span> <span class='ocrx_word' id='word_1_58' title='bbox 967 1601 1002 1668; x_wconf 93' lang='lat' dir='ltr'>et</span> <span class='ocrx_word' id='word_1_59' title='bbox 1030 1586 1240 1692; x_wconf 85' lang='lat' dir='ltr'>illimetipsi‚</span> <span class='ocrx_word' id='word_1_60' title='bbox 1263 1587 1339 1690; x_wconf 75' lang='lat' dir='ltr'>qui,</span> 
     </span>
     <span class='ocr_line' id='line_1_9' title="bbox 162 1707 1325 1818; baseline 0.004 -33"><span class='ocrx_word' id='word_1_61' title='bbox 162 1707 364 1788; x_wconf 90' lang='lat' dir='ltr'>huiusmodi</span> <span class='ocrx_word' id='word_1_62' title='bbox 392 1709 648 1814; x_wconf 81' lang='lat' dir='ltr'>delegationem</span> <span class='ocrx_word' id='word_1_63' title='bbox 683 1712 864 1816; x_wconf 90' lang='lat' dir='ltr'>praedicte</span> <span class='ocrx_word' id='word_1_64' title='bbox 893 1739 923 1790; x_wconf 92' lang='lat' dir='ltr'>s.</span> <span class='ocrx_word' id='word_1_65' title='bbox 956 1712 1133 1791; x_wconf 90' lang='lat' dir='ltr'>Franoisei</span> <span class='ocrx_word' id='word_1_66' title='bbox 1170 1711 1325 1818; x_wconf 89' lang='lat' dir='ltr'>parocho</span> 
     </span>
     <span class='ocr_line' id='line_1_10' title="bbox 161 1835 1325 1942; baseline 0.002 -30"><span class='ocrx_word' id='word_1_67' title='bbox 161 1845 326 1936; x_wconf 88' lang='lat' dir='ltr'>poterant</span> <span class='ocrx_word' id='word_1_68' title='bbox 349 1835 582 1932; x_wconf 88' lang='lat' dir='ltr'>committere,</span> <span class='ocrx_word' id='word_1_69' title='bbox 619 1862 745 1942; x_wconf 89' lang='lat' dir='ltr'>nempe</span> <span class='ocrx_word' id='word_1_70' title='bbox 773 1838 829 1916; x_wconf 89' lang='lat' dir='ltr'>vel</span> <span class='ocrx_word' id='word_1_71' title='bbox 862 1839 1039 1942; x_wconf 90' lang='lat' dir='ltr'>parochus</span> <span class='ocrx_word' id='word_1_72' title='bbox 1072 1863 1103 1914; x_wconf 89' lang='lat' dir='ltr'>s.</span> <span class='ocrx_word' id='word_1_73' title='bbox 1127 1835 1325 1928; x_wconf 89' lang='lat' dir='ltr'>Laurentii,</span> 
     </span>
     <span class='ocr_line' id='line_1_11' title="bbox 160 1957 1328 2066; baseline 0.003 -31"><span class='ocrx_word' id='word_1_74' title='bbox 160 1959 217 2036; x_wconf 83' lang='lat' dir='ltr'>vel</span> <span class='ocrx_word' id='word_1_75' title='bbox 248 1957 461 2038; x_wconf 82' lang='lat' dir='ltr'>ordinarius</span> <span class='ocrx_word' id='word_1_76' title='bbox 489 1959 736 2056; x_wconf 78' lang='lat' dir='ltr'>dioecesanae,</span> <span class='ocrx_word' id='word_1_77' title='bbox 769 1985 936 2066; x_wconf 85' lang='lat' dir='ltr'>expresse</span> <span class='ocrx_word' id='word_1_78' title='bbox 968 1960 1164 2055; x_wconf 88' lang='lat' dir='ltr'>declarant,</span> <span class='ocrx_word' id='word_1_79' title='bbox 1197 1985 1235 2038; x_wconf 90' lang='lat' dir='ltr'>se</span> <span class='ocrx_word' id='word_1_80' title='bbox 1264 1985 1328 2038; x_wconf 90' lang='lat' dir='ltr'>ne-</span> 
     </span>
     <span class='ocr_line' id='line_1_12' title="bbox 162 2085 1329 2190; baseline -0.001 -26"><span class='ocrx_word' id='word_1_81' title='bbox 162 2087 292 2164; x_wconf 90' lang='lat' dir='ltr'>minem</span> <span class='ocrx_word' id='word_1_82' title='bbox 321 2086 503 2190; x_wconf 83' lang='lat' dir='ltr'>delegasse</span> <span class='ocrx_word' id='word_1_83' title='bbox 532 2088 750 2167; x_wconf 79' lang='lat' dir='ltr'>sacerdotem</span> <span class='ocrx_word' id='word_1_84' title='bbox 779 2087 824 2166; x_wconf 89' lang='lat' dir='ltr'>ed</span> <span class='ocrx_word' id='word_1_85' title='bbox 848 2086 1085 2166; x_wconf 88' lang='lat' dir='ltr'>assistendum</span> <span class='ocrx_word' id='word_1_86' title='bbox 1104 2085 1329 2164; x_wconf 87' lang='lat' dir='ltr'>matrimonio</span> 
     </span>
     <span class='ocr_line' id='line_1_13' title="bbox 162 2211 1325 2306; baseline -0.002 -14"><span class='ocrx_word' id='word_1_87' title='bbox 162 2213 257 2292; x_wconf 91' lang='lat' dir='ltr'>inter</span> <span class='ocrx_word' id='word_1_88' title='bbox 285 2213 415 2294; x_wconf 87' lang='lat' dir='ltr'>Titium</span> <span class='ocrx_word' id='word_1_89' title='bbox 444 2213 672 2292; x_wconf 86' lang='lat' dir='ltr'>lutheranum</span> <span class='ocrx_word' id='word_1_90' title='bbox 701 2229 737 2294; x_wconf 92' lang='lat' dir='ltr'>et</span> <span class='ocrx_word' id='word_1_91' title='bbox 765 2215 883 2292; x_wconf 83' lang='lat' dir='ltr'>Caium</span> <span class='ocrx_word' id='word_1_92' title='bbox 916 2213 1124 2293; x_wconf 86' lang='lat' dir='ltr'>catholicam</span> <span class='ocrx_word' id='word_1_93' title='bbox 1154 2211 1325 2306; x_wconf 85' lang='lat' dir='ltr'>ineundo,</span> 
     </span>
     <span class='ocr_line' id='line_1_14' title="bbox 162 2333 1324 2442; baseline -0.001 -29"><span class='ocrx_word' id='word_1_94' title='bbox 162 2335 297 2440; x_wconf 88' lang='lat' dir='ltr'>absque</span> <span class='ocrx_word' id='word_1_95' title='bbox 325 2337 519 2442; x_wconf 90' lang='lat' dir='ltr'>apostolica</span> <span class='ocrx_word' id='word_1_96' title='bbox 548 2336 838 2442; x_wconf 87' lang='lat' dir='ltr'>dispensatione:</span> <span class='ocrx_word' id='word_1_97' title='bbox 871 2335 906 2414; x_wconf 92' lang='lat' dir='ltr'>id</span> <span class='ocrx_word' id='word_1_98' title='bbox 935 2338 1029 2415; x_wconf 93' lang='lat' dir='ltr'>enim</span> <span class='ocrx_word' id='word_1_99' title='bbox 1059 2333 1158 2414; x_wconf 88' lang='lat' dir='ltr'>neias</span> <span class='ocrx_word' id='word_1_100' title='bbox 1182 2334 1324 2414; x_wconf 82' lang='lat' dir='ltr'>fuisset.</span> 
     </span>
     <span class='ocr_line' id='line_1_15' title="bbox 162 2459 1328 2565; baseline -0.001 -27"><span class='ocrx_word' id='word_1_101' title='bbox 162 2463 302 2538; x_wconf 83' lang='lat' dir='ltr'>Revera</span> <span class='ocrx_word' id='word_1_102' title='bbox 317 2462 494 2565; x_wconf 87' lang='lat' dir='ltr'>parochus</span> <span class='ocrx_word' id='word_1_103' title='bbox 508 2487 538 2539; x_wconf 85' lang='lat' dir='ltr'>e.</span> <span class='ocrx_word' id='word_1_104' title='bbox 560 2460 743 2539; x_wconf 89' lang='lat' dir='ltr'>Laurentii</span> <span class='ocrx_word' id='word_1_105' title='bbox 761 2459 827 2538; x_wconf 92' lang='lat' dir='ltr'>sub</span> <span class='ocrx_word' id='word_1_106' title='bbox 844 2461 1033 2538; x_wconf 85' lang='lat' dir='ltr'>iuramenti</span> <span class='ocrx_word' id='word_1_107' title='bbox 1050 2459 1191 2538; x_wconf 88' lang='lat' dir='ltr'>vinculo</span> <span class='ocrx_word' id='word_1_108' title='bbox 1205 2471 1328 2565; x_wconf 88' lang='lat' dir='ltr'>aperte</span> 
     </span>
     <span class='ocr_line' id='line_1_16' title="bbox 162 2581 1327 2686; baseline -0.002 -26"><span class='ocrx_word' id='word_1_109' title='bbox 162 2581 320 2663; x_wconf 88' lang='lat' dir='ltr'>declarat</span> <span class='ocrx_word' id='word_1_110' title='bbox 348 2583 393 2662; x_wconf 91' lang='lat' dir='ltr'>ad</span> <span class='ocrx_word' id='word_1_111' title='bbox 423 2596 585 2662; x_wconf 89' lang='lat' dir='ltr'>octavum</span> <span class='ocrx_word' id='word_1_112' title='bbox 615 2583 945 2686; x_wconf 88' lang='lat' dir='ltr'>interrogatoriom:</span> <span class='ocrx_word' id='word_1_113' title='bbox 979 2587 1098 2662; x_wconf 79' lang='lat' dir='ltr'>«Non</span> <span class='ocrx_word' id='word_1_114' title='bbox 1127 2582 1173 2660; x_wconf 95' lang='lat' dir='ltr'>mi</span> <span class='ocrx_word' id='word_1_115' title='bbox 1193 2585 1213 2660; x_wconf 82' lang='lat' dir='ltr'>&#39;e</span> <span class='ocrx_word' id='word_1_116' title='bbox 1233 2594 1327 2660; x_wconf 87' lang='lat' dir='ltr'>stata</span> 
     </span>
     <span class='ocr_line' id='line_1_17' title="bbox 164 2706 1327 2812; baseline 0.003 -32"><span class='ocrx_word' id='word_1_117' title='bbox 164 2737 181 2780; x_wconf 72' lang='lat' dir='ltr'>o</span> <span class='ocrx_word' id='word_1_118' title='bbox 206 2707 276 2785; x_wconf 94' lang='lat' dir='ltr'>mai</span> <span class='ocrx_word' id='word_1_119' title='bbox 306 2707 488 2800; x_wconf 89' lang='lat' dir='ltr'>riohiesta‚</span> <span class='ocrx_word' id='word_1_120' title='bbox 520 2733 539 2786; x_wconf 91' lang='lat' dir='ltr'>e</span> <span class='ocrx_word' id='word_1_121' title='bbox 567 2707 693 2812; x_wconf 93' lang='lat' dir='ltr'>quindi</span> <span class='ocrx_word' id='word_1_122' title='bbox 721 2733 794 2786; x_wconf 88' lang='lat' dir='ltr'>non</span> <span class='ocrx_word' id='word_1_123' title='bbox 823 2708 869 2786; x_wconf 90' lang='lat' dir='ltr'>bn</span> <span class='ocrx_word' id='word_1_124' title='bbox 896 2710 965 2786; x_wconf 89' lang='lat' dir='ltr'>mai</span> <span class='ocrx_word' id='word_1_125' title='bbox 994 2707 1172 2785; x_wconf 88' lang='lat' dir='ltr'>rilesciata</span> <span class='ocrx_word' id='word_1_126' title='bbox 1201 2706 1327 2784; x_wconf 89' lang='lat' dir='ltr'>alcuna</span> 
     </span>
     <span class='ocr_line' id='line_1_18' title="bbox 166 2829 1324 2936; baseline 0.002 -32"><span class='ocrx_word' id='word_1_127' title='bbox 166 2829 435 2934; x_wconf 78' lang='lat' dir='ltr'>‹delegacione</span> <span class='ocrx_word' id='word_1_128' title='bbox 463 2855 527 2936; x_wconf 88' lang='lat' dir='ltr'>per</span> <span class='ocrx_word' id='word_1_129' title='bbox 555 2831 779 2910; x_wconf 88' lang='lat' dir='ltr'>matrimonio</span> <span class='ocrx_word' id='word_1_130' title='bbox 807 2830 859 2908; x_wconf 86' lang='lat' dir='ltr'>ira</span> <span class='ocrx_word' id='word_1_131' title='bbox 889 2830 1018 2908; x_wconf 89' lang='lat' dir='ltr'>Tizine</span> <span class='ocrx_word' id='word_1_132' title='bbox 1038 2831 1156 2907; x_wconf 81' lang='lat' dir='ltr'>Cuia»</span> <span class='ocrx_word' id='word_1_133' title='bbox 1188 2829 1324 2934; x_wconf 79' lang='lat' dir='ltr'>(Actor.</span> 
     </span>
     <span class='ocr_line' id='line_1_19' title="bbox 162 2953 1328 3058; baseline -0.001 -27"><span class='ocrx_word' id='word_1_134' title='bbox 162 2953 223 3032; x_wconf 84' lang='lat' dir='ltr'>ini.</span> <span class='ocrx_word' id='word_1_135' title='bbox 257 2954 339 3058; x_wconf 78' lang='lat'>35).</span> <span class='ocrx_word' id='word_1_136' title='bbox 373 2957 418 3032; x_wconf 84' lang='lat' dir='ltr'>Et</span> <span class='ocrx_word' id='word_1_137' title='bbox 449 2955 630 3034; x_wconf 85' lang='lat' dir='ltr'>undecimo</span> <span class='ocrx_word' id='word_1_138' title='bbox 657 2969 804 3056; x_wconf 88' lang='lat' dir='ltr'>rogatus</span> <span class='ocrx_word' id='word_1_139' title='bbox 831 2981 877 3032; x_wconf 91' lang='lat' dir='ltr'>an</span> <span class='ocrx_word' id='word_1_140' title='bbox 898 2955 947 3032; x_wconf 89' lang='lat' dir='ltr'>illi</span> <span class='ocrx_word' id='word_1_141' title='bbox 968 2978 1125 3058; x_wconf 87' lang='lat' dir='ltr'>unquam</span> <span class='ocrx_word' id='word_1_142' title='bbox 1154 2977 1271 3031; x_wconf 89' lang='lat' dir='ltr'>coram</span> <span class='ocrx_word' id='word_1_143' title='bbox 1290 2977 1328 3030; x_wconf 89' lang='lat' dir='ltr'>se</span> 
     </span>
     <span class='ocr_line' id='line_1_20' title="bbox 160 3074 1323 3184; baseline -0.004 -27"><span class='ocrx_word' id='word_1_144' title='bbox 160 3078 328 3157; x_wconf 89' lang='lat' dir='ltr'>steterint</span> <span class='ocrx_word' id='word_1_145' title='bbox 356 3078 400 3156; x_wconf 93' lang='lat' dir='ltr'>ad</span> <span class='ocrx_word' id='word_1_146' title='bbox 430 3079 497 3157; x_wconf 88' lang='lat' dir='ltr'>rite</span> <span class='ocrx_word' id='word_1_147' title='bbox 534 3104 744 3156; x_wconf 89' lang='lat' dir='ltr'>consensum</span> <span class='ocrx_word' id='word_1_148' title='bbox 773 3079 817 3157; x_wconf 89' lang='lat' dir='ltr'>de</span> <span class='ocrx_word' id='word_1_149' title='bbox 850 3079 1029 3184; x_wconf 86' lang='lat' dir='ltr'>praesenti</span> <span class='ocrx_word' id='word_1_150' title='bbox 1066 3074 1323 3170; x_wconf 86' lang='lat' dir='ltr'>renovandum,</span> 
     </span>
     <span class='ocr_line' id='line_1_21' title="bbox 160 3199 1328 3309; baseline -0.002 -30"><span class='ocrx_word' id='word_1_151' title='bbox 160 3201 378 3306; x_wconf 88' lang='lat' dir='ltr'>respondit:</span> <span class='ocrx_word' id='word_1_152' title='bbox 430 3233 448 3276; x_wconf 76' lang='lat' dir='ltr'>e</span> <span class='ocrx_word' id='word_1_153' title='bbox 489 3209 568 3280; x_wconf 86' lang='lat' dir='ltr'>Non</span> <span class='ocrx_word' id='word_1_154' title='bbox 595 3203 671 3280; x_wconf 84' lang='lat' dir='ltr'>moi</span> <span class='ocrx_word' id='word_1_155' title='bbox 712 3237 729 3276; x_wconf 84' lang='lat'>›</span> <span class='ocrx_word' id='word_1_156' title='bbox 778 3203 889 3309; x_wconf 85' lang='lat' dir='ltr'>(ibid.</span> <span class='ocrx_word' id='word_1_157' title='bbox 931 3201 992 3280; x_wconf 89' lang='lat' dir='ltr'>iol.</span> <span class='ocrx_word' id='word_1_158' title='bbox 1043 3199 1128 3305; x_wconf 85' lang='lat'><strong>37).</strong></span> <span class='ocrx_word' id='word_1_159' title='bbox 1174 3199 1328 3278; x_wconf 89' lang='lat' dir='ltr'>Ordina-</span> 
     </span>
     <span class='ocr_line' id='line_1_22' title="bbox 159 3322 1328 3430; baseline -0.002 -28"><span class='ocrx_word' id='word_1_160' title='bbox 159 3325 236 3403; x_wconf 91' lang='lat' dir='ltr'>rius</span> <span class='ocrx_word' id='word_1_161' title='bbox 283 3339 402 3406; x_wconf 90' lang='lat' dir='ltr'>autem</span> <span class='ocrx_word' id='word_1_162' title='bbox 438 3339 510 3404; x_wconf 91' lang='lat' dir='ltr'>tam</span> <span class='ocrx_word' id='word_1_163' title='bbox 557 3327 659 3430; x_wconf 90' lang='lat' dir='ltr'>longe</span> <span class='ocrx_word' id='word_1_164' title='bbox 697 3326 821 3406; x_wconf 83' lang='lat' dir='ltr'>aberat</span> <span class='ocrx_word' id='word_1_165' title='bbox 858 3325 903 3403; x_wconf 87' lang='lat' dir='ltr'>eb</span> <span class='ocrx_word' id='word_1_166' title='bbox 942 3325 1008 3403; x_wconf 85' lang='lat' dir='ltr'>bac</span> <span class='ocrx_word' id='word_1_167' title='bbox 1054 3322 1227 3402; x_wconf 87' lang='lat' dir='ltr'>tradenda</span> <span class='ocrx_word' id='word_1_168' title='bbox 1265 3322 1328 3400; x_wconf 92' lang='lat' dir='ltr'>de-</span> 
     </span>
     <span class='ocr_line' id='line_1_23' title="bbox 160 3448 1328 3554; baseline -0.002 -26"><span class='ocrx_word' id='word_1_169' title='bbox 160 3449 341 3552; x_wconf 87' lang='lat' dir='ltr'>legatione</span> <span class='ocrx_word' id='word_1_170' title='bbox 384 3450 541 3554; x_wconf 90' lang='lat' dir='ltr'>parecho</span> <span class='ocrx_word' id='word_1_171' title='bbox 581 3477 612 3530; x_wconf 92' lang='lat' dir='ltr'>s.</span> <span class='ocrx_word' id='word_1_172' title='bbox 644 3450 825 3529; x_wconf 87' lang='lat' dir='ltr'>Franoisei</span> <span class='ocrx_word' id='word_1_173' title='bbox 867 3449 910 3527; x_wconf 93' lang='lat' dir='ltr'>ad</span> <span class='ocrx_word' id='word_1_174' title='bbox 946 3448 1155 3529; x_wconf 87' lang='lat' dir='ltr'>detestabile</span> <span class='ocrx_word' id='word_1_175' title='bbox 1193 3472 1328 3527; x_wconf 89' lang='lat' dir='ltr'>connu-</span> 
     </span>
     <span class='ocr_line' id='line_1_24' title="bbox 158 3571 1330 3679; baseline 0 -29"><span class='ocrx_word' id='word_1_176' title='bbox 158 3572 260 3652; x_wconf 93' lang='lat' dir='ltr'>bium</span> <span class='ocrx_word' id='word_1_177' title='bbox 287 3572 422 3679; x_wconf 87' lang='lat' dir='ltr'>absque</span> <span class='ocrx_word' id='word_1_178' title='bbox 451 3573 665 3678; x_wconf 88' lang='lat' dir='ltr'>apostolicae</span> <span class='ocrx_word' id='word_1_179' title='bbox 685 3573 785 3652; x_wconf 92' lang='lat' dir='ltr'>Sedis</span> <span class='ocrx_word' id='word_1_180' title='bbox 804 3572 1070 3678; x_wconf 87' lang='lat' dir='ltr'>dispensatione</span> <span class='ocrx_word' id='word_1_181' title='bbox 1090 3571 1149 3678; x_wconf 86' lang='grc'>(1)</span> <span class='ocrx_word' id='word_1_182' title='bbox 1184 3571 1330 3677; x_wconf 89' lang='lat' dir='ltr'>permit·</span> 
     </span>
     <span class='ocr_line' id='line_1_25' title="bbox 159 3695 1328 3801; baseline -0.002 -26"><span class='ocrx_word' id='word_1_183' title='bbox 159 3695 325 3784; x_wconf 79' lang='lat' dir='ltr'>tendum,</span> <span class='ocrx_word' id='word_1_184' title='bbox 357 3709 397 3774; x_wconf 93' lang='lat' dir='ltr'>ut</span> <span class='ocrx_word' id='word_1_185' title='bbox 425 3721 444 3775; x_wconf 92' lang='lat' dir='ltr'>e</span> <span class='ocrx_word' id='word_1_186' title='bbox 472 3711 596 3776; x_wconf 90' lang='lat' dir='ltr'>contra</span> <span class='ocrx_word' id='word_1_187' title='bbox 625 3700 746 3777; x_wconf 89' lang='lat' dir='ltr'>statim</span> <span class='ocrx_word' id='word_1_188' title='bbox 775 3723 816 3776; x_wconf 90' lang='lat' dir='ltr'>ac</span> <span class='ocrx_word' id='word_1_189' title='bbox 835 3697 991 3793; x_wconf 88' lang='lat' dir='ltr'>rescivit,</span> <span class='ocrx_word' id='word_1_190' title='bbox 1014 3697 1112 3776; x_wconf 93' lang='lat' dir='ltr'>illum</span> <span class='ocrx_word' id='word_1_191' title='bbox 1134 3695 1328 3801; x_wconf 89' lang='lat' dir='ltr'>paroehum</span> 
     </span>
     <span class='ocr_line' id='line_1_26' title="bbox 161 3819 1327 3926; baseline 0.001 -30"><span class='ocrx_word' id='word_1_192' title='bbox 161 3833 330 3925; x_wconf 89' lang='lat' dir='ltr'>peretum</span> <span class='ocrx_word' id='word_1_193' title='bbox 359 3845 397 3897; x_wconf 88' lang='lat' dir='ltr'>se</span> <span class='ocrx_word' id='word_1_194' title='bbox 434 3819 642 3924; x_wconf 88' lang='lat' dir='ltr'>praebuisse</span> <span class='ocrx_word' id='word_1_195' title='bbox 675 3821 719 3898; x_wconf 89' lang='lat' dir='ltr'>ad</span> <span class='ocrx_word' id='word_1_196' title='bbox 748 3819 999 3926; x_wconf 86' lang='lat' dir='ltr'>praestandam</span> <span class='ocrx_word' id='word_1_197' title='bbox 1038 3822 1178 3924; x_wconf 88' lang='lat' dir='ltr'>proprie</span> <span class='ocrx_word' id='word_1_198' title='bbox 1215 3831 1327 3897; x_wconf 88' lang='lat' dir='ltr'>marte</span> 
     </span>
     <span class='ocr_line' id='line_1_27' title="bbox 158 3943 1327 4048; baseline 0.001 -27"><span class='ocrx_word' id='word_1_199' title='bbox 158 3945 407 4022; x_wconf 88' lang='lat' dir='ltr'>assistentiam</span> <span class='ocrx_word' id='word_1_200' title='bbox 423 3943 507 4021; x_wconf 94' lang='lat' dir='ltr'>huic</span> <span class='ocrx_word' id='word_1_201' title='bbox 525 3945 765 4038; x_wconf 88' lang='lat' dir='ltr'>matrimonio,</span> <span class='ocrx_word' id='word_1_202' title='bbox 798 3969 940 4048; x_wconf 80' lang='lat' dir='ltr'>gravem</span> <span class='ocrx_word' id='word_1_203' title='bbox 955 3943 1068 4022; x_wconf 93' lang='lat' dir='ltr'>eidem</span> <span class='ocrx_word' id='word_1_204' title='bbox 1087 3945 1223 4022; x_wconf 90' lang='lat' dir='ltr'>miserit</span> <span class='ocrx_word' id='word_1_205' title='bbox 1251 3944 1327 4048; x_wconf 93' lang='lat' dir='ltr'>epi-</span> 
     </span>
    </p>
   </div>
   <div class='ocr_carea' id='block_1_3' title="bbox 155 4207 1327 4458">
    <p class='ocr_par' dir='ltr' id='par_1_3' title="bbox 155 4207 1327 4458">
     <span class='ocr_line' id='line_1_28' title="bbox 234 4207 1325 4280; baseline -0.001 -16"><span class='ocrx_word' id='word_1_206' title='bbox 234 4207 273 4280; x_wconf 80' lang='lat' dir='ltr'>(i)</span> <span class='ocrx_word' id='word_1_207' title='bbox 294 4207 341 4265; x_wconf 83' lang='lat' dir='ltr'>Cir</span> <span class='ocrx_word' id='word_1_208' title='bbox 360 4208 389 4263; x_wconf 91' lang='lat' dir='ltr'>in</span> <span class='ocrx_word' id='word_1_209' title='bbox 420 4207 582 4280; x_wconf 78' lang='lat' dir='ltr'>Appendice</span> <span class='ocrx_word' id='word_1_210' title='bbox 613 4213 638 4262; x_wconf 84' lang='lat'>5·</span> <span class='ocrx_word' id='word_1_211' title='bbox 666 4209 882 4265; x_wconf 82' lang='lat' dir='ltr'>instructionem</span> <span class='ocrx_word' id='word_1_212' title='bbox 912 4209 974 4266; x_wconf 75' lang='lat' dir='ltr'>Etsi</span> <span class='ocrx_word' id='word_1_213' title='bbox 997 4209 1205 4266; x_wconf 76' lang='lat' dir='ltr'>Sanctissimae</span> <span class='ocrx_word' id='word_1_214' title='bbox 1231 4209 1325 4264; x_wconf 85' lang='lat' dir='ltr'>dalem</span> 
     </span>
     <span class='ocr_line' id='line_1_29' title="bbox 155 4297 1327 4370; baseline -0.004 -11"><span class='ocrx_word' id='word_1_215' title='bbox 155 4299 205 4358; x_wconf 88' lang='lat' dir='ltr'>die</span> <span class='ocrx_word' id='word_1_216' title='bbox 227 4305 261 4356; x_wconf 76' lang='lat' dir='ltr'>td</span> <span class='ocrx_word' id='word_1_217' title='bbox 279 4297 444 4354; x_wconf 79' lang='lat' dir='ltr'>aorembre&#39;s</span> <span class='ocrx_word' id='word_1_218' title='bbox 465 4303 542 4364; x_wconf 77' lang='lat' dir='ltr'>tede,</span> <span class='ocrx_word' id='word_1_219' title='bbox 562 4311 649 4370; x_wconf 86' lang='lat' dir='ltr'>quem</span> <span class='ocrx_word' id='word_1_220' title='bbox 669 4297 698 4354; x_wconf 92' lang='lat' dir='ltr'>in</span> <span class='ocrx_word' id='word_1_221' title='bbox 718 4297 812 4354; x_wconf 88' lang='lat' dir='ltr'>lucem</span> <span class='ocrx_word' id='word_1_222' title='bbox 831 4297 919 4354; x_wconf 91' lang='lat' dir='ltr'>edidit</span> <span class='ocrx_word' id='word_1_223' title='bbox 937 4301 1036 4355; x_wconf 84' lang='lat' dir='ltr'>Petrus</span> <span class='ocrx_word' id='word_1_224' title='bbox 1055 4299 1193 4356; x_wconf 76' lang='lat' dir='ltr'>Avennini</span> <span class='ocrx_word' id='word_1_225' title='bbox 1214 4299 1244 4354; x_wconf 92' lang='lat' dir='ltr'>in</span> <span class='ocrx_word' id='word_1_226' title='bbox 1264 4297 1327 4354; x_wconf 90' lang='lat' dir='ltr'>suis</span> 
     </span>
     <span class='ocr_line' id='line_1_30' title="bbox 156 4385 1325 4458; baseline -0.005 -12"><span class='ocrx_word' id='word_1_227' title='bbox 156 4389 259 4446; x_wconf 84' lang='lat' dir='ltr'>latinis</span> <span class='ocrx_word' id='word_1_228' title='bbox 279 4387 460 4458; x_wconf 82' lang='lat' dir='ltr'>premerid.</span> <span class='ocrx_word' id='word_1_229' title='bbox 481 4386 587 4457; x_wconf 86' lang='lat' dir='ltr'>quibus</span> <span class='ocrx_word' id='word_1_230' title='bbox 606 4385 723 4443; x_wconf 90' lang='lat' dir='ltr'>titulus:</span> <span class='ocrx_word' id='word_1_231' title='bbox 743 4391 816 4442; x_wconf 79' lang='lat' dir='ltr'>Acta</span> <span class='ocrx_word' id='word_1_232' title='bbox 834 4389 959 4442; x_wconf 80' lang='lat' dir='ltr'>Soncloe</span> <span class='ocrx_word' id='word_1_233' title='bbox 975 4385 1133 4452; x_wconf 64' lang='lat' dir='ltr'>Seilicool.</span> <span class='ocrx_word' id='word_1_234' title='bbox 1148 4392 1174 4441; x_wconf 81' lang='lat'>6.</span> <span class='ocrx_word' id='word_1_235' title='bbox 1188 4390 1325 4457; x_wconf 71' lang='lat' dir='ltr'>pogtdd.</span> 
     </span>
    </p>
   </div>
   <div class='ocr_carea' id='block_1_4' title="bbox 156 4483 285 4549">
    <p class='ocr_par' dir='ltr' id='par_1_4' title="bbox 156 4483 285 4549">
     <span class='ocr_line' id='line_1_31' title="bbox 156 4483 285 4549; baseline -0.008 0"><span class='ocrx_word' id='word_1_236' title='bbox 156 4483 183 4536; x_wconf 62' lang='lat'>⁶2</span> <span class='ocrx_word' id='word_1_237' title='bbox 203 4491 285 4549; x_wconf 62' lang='lat' dir='ltr'>wld-</span> 
     </span>
    </p>
   </div>
   <div class='ocr_carea' id='block_1_5' title="bbox 0 0 1708 5302">
    <p class='ocr_par' dir='ltr' id='par_1_5' title="bbox 0 0 1708 5302">
     <span class='ocr_line' id='line_1_32' title="bbox 0 0 1708 5302; baseline 0 0"><span class='ocrx_word' id='word_1_238' title='bbox 0 0 1708 5302; x_wconf 95' lang='lat' dir='ltr'> </span> 
     </span>
    </p>
   </div>
  </div>
 </body>
</html>
