3406 5302
667 505 705 520 ..
732 475 796 535 art·
824 507 861 522 -

173 593 355 698 propriam
375 619 416 672 ac
435 591 600 674 stabilem
622 594 755 674 habeat
774 594 1167 687 iurisdictionemeam
1184 592 1351 672 abdicare

174 715 303 820 nequit
330 714 438 794 etiam
467 740 546 794 cum
566 727 677 795 totam
697 715 839 819 delegat
858 741 1017 794 causam.
1039 713 1143 793 Unde
1164 714 1272 793 etiam
1288 713 1352 792 de-

174 836 331 939 legatam
359 834 644 915 iurisdictionem
673 862 812 942 semper
832 849 951 942 potest
971 861 1153 930 revocare,
1184 861 1288 914 secus
1309 859 1350 913 ac

176 969 231 1036 cst
260 955 297 1033 in
325 955 504 1058 delegato,
535 958 707 1060 quicum
736 981 807 1036 nou
836 957 1015 1064 propriam
1054 954 1116 1035 sed
1146 979 1350 1035 concessam

175 1089 315 1155 tantum
345 1075 478 1155 habeat
506 1076 813 1172 iurisdictionem,
845 1102 922 1158 eam
964 1078 1001 1155 in
1029 1089 1146 1156 totum
1183 1075 1353 1156 subdele-

175 1195 292 1300 gando
321 1195 488 1276 abdicare
516 1211 665 1304 potest,
697 1203 746 1277 ita
774 1212 817 1277 ut
845 1197 908 1276 ubi
936 1197 1196 1300 subdelegatus
1225 1216 1267 1275 ea
1296 1196 1350 1275 uti

174 1316 345 1422 coeperit,
368 1315 556 1420 delegatus
575 1344 652 1397 eam
673 1343 840 1398 revocare
860 1331 1017 1423 nequeat
1047 1315 1121 1423 (1).
1153 1361 1178 1377 -
1206 1321 1252 1396 tt
1266 1341 1350 1395 vero

174 1439 211 1516 in
240 1437 359 1516 causis
387 1438 709 1518 matrimonialibus
729 1465 816 1518 uero
843 1452 876 1518 et
899 1437 1047 1544 proprie
1066 1437 1163 1517 dicto
1191 1435 1352 1544 appello·

176 1559 225 1636 tio
252 1557 299 1637 ab
327 1557 445 1638 iudice
481 1559 646 1663 delegato
688 1561 731 1638 ad
772 1561 996 1664 delegantem
1033 1559 1248 1666 Episcopum
1277 1583 1349 1636 non

176 1675 297 1757 datur.
330 1680 438 1758 Ratio
465 1694 566 1785 patet
594 1707 638 1760 01
667 1681 711 1760 iis
740 1705 834 1786 quae
853 1679 1009 1760 diximus
1040 1680 1178 1786 (praec.
1213 1694 1283 1758 art.
1311 1689 1346 1757 1.

177 1822 260 1902 pag.
296 1799 403 1904 171).
426 1801 581 1894 Scilicet,
604 1825 683 1880 cum
704 1826 768 1905 per
788 1799 989 1880 Tridentini
1019 1799 1203 1878 decretum
1223 1823 1351 1877 causae

176 1917 459 1996 neutrimoaioles
488 1918 694 1998 subtractae
723 1919 857 1998 luerint
877 1919 1024 2014 Decaui,
1048 1919 1299 1998 Archidiaconi
1315 1931 1352 1997 ct

176 2035 327 2114 aliorum
356 2037 1065 2144 1010110101110111010,0111ρὶ00000νοοι
1094 2050 1237 2116 tuntum
1263 2063 1353 2116 eao-

177 2155 328 2234 1010111
355 2157 599 2238 iurisdictiom'
627 2172 852 2246 reservatae,
885 2159 1072 2261 delegatus
1100 2157 1146 2236 ab
1175 2159 1351 2263 Episcopo

178 2273 222 2351 ad
251 2275 482 2356 iudicandum
512 2279 548 2356 in
579 2279 753 2358 eiusmodi
795 2279 914 2358 causis
942 2303 1014 2358 non
1042 2291 1162 2384 potest
1191 2276 1351 2355 iudicare

178 2394 246 2472 nisi
275 2395 352 2476 vice
380 2412 418 2476 et
445 2402 482 2476 iu
509 2425 661 2504 persona
693 2399 873 2504 Episcopi,
906 2399 943 2476 in
981 2399 1083 2476 cuius
1113 2397 1286 2476 tribunali
1315 2411 1353 2476 et

177 2513 262 2594 sede
289 2521 505 2598 sententiam
544 2521 691 2626 prolert.
737 2527 854 2626 Atque
883 2519 963 2600 ideo
1006 2521 1036 2598 si
1075 2517 1278 2624 appellatur
1306 2517 1351 2596 ad

178 2637 392 2742 Episcopum
421 2637 467 2716 ab
496 2641 630 2719 iniusta
666 2665 730 2718 seu
761 2665 878 2718 rerum
908 2639 1051 2718 veritati
1081 2641 1259 2716 contraria
1288 2637 1352 2715 de-

178 2755 286 2859 legati
315 2759 496 2838 sententia
525 2761 562 2837 in
591 2786 699 2838 causa
727 2760 994 2854 matrimoniali,
1023 2784 1093 2837 nou
1123 2771 1178 2837 est
1207 2783 1291 2837 vera
1311 2758 1349 2836 in

178 2877 302 2956 stricto
321 2879 410 2956 iuris
430 2905 539 2958 sensu
559 2881 752 2987 appellatio
773 2881 817 2960 ad
838 2881 1056 2986 superiorem
1086 2880 1264 2972 iudicem,
1287 2878 1350 2956 sed

178 2997 298 3100 potius
328 3025 495 3080 recursus
524 3001 569 3081 ad
598 3001 750 3082 eundem
790 2999 943 3081 iudicem
972 3025 1036 3106 per
1067 3003 1159 3078 viam
1188 2998 1352 3105 querelae

178 3117 315 3222 (praec.
348 3145 386 3198 n.
419 3123 477 3224 1.)
507 3148 571 3228 pro
614 3123 788 3200 recisione
830 3122 1055 3214 sententiae3
1087 3133 1124 3198 et
1152 3118 1348 3197 absurdum

178 3236 268 3318 10101
296 3265 483 3338 asserere,
515 3267 619 3348 posse
649 3243 773 3322 haberi
801 3243 838 3320 in
880 3237 1204 3320 matrimonialibus
1231 3236 1351 3317 causis

178 3371 300 3436 contra
329 3361 512 3440 vinculum
555 3362 770 3441 matrimonii
813 3362 903 3440 duas
932 3361 1012 3439 illas
1040 3361 1238 3439 conformes
1266 3383 1350 3436 sen·
1392 3353 1395 3361 ‘

177 3480 323 3575 tentius,
354 3481 559 3587 dequibus
598 3485 757 3589 loquitur
797 3481 1014 3560 Benedictus
1042 3485 1123 3559 XIV
1152 3479 1190 3556 in
1218 3483 1339 3556 Const.

179 3601 244 3679 Dei
271 3601 499 3682 miseratione
526 3609 564 3704 ἓ.
599 3613 662 3700 11,
694 3629 801 3681 00010
830 3629 850 3679 0
879 3600 1043 3703 delegato
1081 3599 1262 3703 Episcopi,
1295 3597 1349 3674 al·
1476 3665 1478 3676 .

179 3731 291 3798 101010
320 3719 365 3799 ab
392 3722 470 3826 ipsu
497 3723 686 3829 Episcopo,
729 3736 899 3826 tanquam
931 3721 967 3798 in
996 3720 1108 3824 primo
1128 3731 1163 3795 01
1192 3716 1349 3796 secundo

180 3841 447 3921 iurisdictionis¹
466 3843 579 3945 gradu
608 3843 783 3949 prolatas,
814 3866 966 3945 quarum
1001 3841 1034 3915 vi
1065 3838 1103 3914 ia
1128 3849 1302 3942 potestate
1320 3848 1352 3914 01

178 3961 329 4042 arbitrio
356 3964 546 4068 coniapom
574 3963 665 4043 10101
706 3989 815 4042 acuas
845 3962 993 4067 nuptias
1021 3957 1241 4037 0001101010.
1274 3959 1349 4033 Hoc

178 4083 271 4160 enim
292 4097 329 4163 et
347 4081 482 4162 directe
502 4083 715 4162 adversatur
733 4081 936 4161 Tridentini
956 4080 1115 4174 decreto,
1133 4101 1205 4183 quo
1220 4099 1349 4156 causae

178 4202 456 4282 matrimoniales
485 4202 641 4281 examini
669 4217 706 4281 et
733 4200 974 4286 iurisdictioni
1004 4210 1235 4282 reservantur
1262 4194 1350 4300 Epi-

232 4395 272 4468 (l)
292 4395 413 4466 Pirlting
434 4393 487 4450 tto.
511 4397 536 4448 1.
558 4393 605 4450 111.
627 4399 671 4450 29.
693 4393 727 4448 de
744 4391 838 4464 0111010
855 4399 882 4448 01
898 4397 1037 4461 potestate
1063 4389 1173 4447 10111010
1201 4387 1337 4458 deleaute

183 4501 212 4542 11.
234 4489 295 4542 107.
