3446 5298
637 442 814 506 -389-

160 563 339 644 exhibebit
367 563 538 644 Defensor
557 565 754 644 validitatis
773 563 1002 644 matrimonii.
1026 563 1161 644 Deinde
1180 561 1319 642 formali

160 689 307 768 examini
336 701 443 768 erunt
471 689 683 768 subiiciendi
712 690 836 785 Periti,
868 713 1020 795 quorum
1058 689 1227 768 iudicium
1254 689 1324 768 erit

161 812 416 918 exquirendum
444 837 552 919 super
581 814 704 894 relatis
723 828 760 892 et
778 814 951 920 depositis
971 815 1016 892 ab
1037 812 1315 892 Obstetricibus

161 937 311 1018 Tandem
339 963 490 1016 examen
518 937 639 1016 subire
668 936 813 1018 debebit
841 963 985 1044 quoqne
1013 943 1176 1018 Matrona
1202 937 1322 1044 quoad

160 1061 364 1166 praestitam
392 1075 467 1140 toto
495 1060 614 1140 balnei
643 1075 679 1141 et
694 1063 947 1164 recognitionis
967 1077 1125 1167 tempore
1144 1062 1323 1142 adsisten-

161 1187 257 1280 tiam,
288 1185 439 1266 servatis
466 1185 584 1292 quoad
613 1211 761 1264 examen
781 1186 824 1264 iis
843 1185 1022 1281 omnibns,
1045 1213 1137 1292 quae
1156 1187 1322 1292 superius

159 1309 250 1389 dicta
279 1325 379 1406 sunt,
410 1336 565 1414 congrua
595 1323 715 1390 tamen
743 1311 909 1414 congruis
937 1309 1136 1390 referendo.

232 1437 418 1522 Quatenus
455 1433 639 1514 Defensori
675 1435 888 1513 matrimonii
927 1434 1026 1512 nulla
1060 1433 1130 1512 alia
1157 1433 1321 1538 probatio

157 1557 375 1663 exquirenda
403 1557 586 1652 rideatur,
618 1557 822 1663 nullamque
838 1569 941 1664 putet
961 1557 1067 1635 aliam
1087 1555 1200 1635 ludex
1232 1581 1318 1661 prae

155 1707 218 1759 sua
247 1679 432 1786 diligentia
462 1679 725 1776 assumendam,
749 1679 829 1759 finis
849 1682 1051 1788 imponetur
1070 1679 1322 1786 probationum

152 1805 349 1886 collectioni
369 1821 405 1886 et
434 1805 678 1912 publicabitur
706 1831 907 1912 processus,
940 1805 1159 1910 editosuper
1178 1803 1323 1884 hocde-

150 1939 246 2008 ereto
274 1957 295 2008 a
323 1929 459 2026 Iudice,
491 1928 666 2032 factisque
695 1927 1019 2034 subscriptionibus
1047 1927 1093 2006 ab
1122 1953 1222 2023 eo,a
1251 1931 1322 2006 De-

152 2050 290 2132 fensore
317 2053 533 2138 matrimonii
560 2065 597 2134 ct
625 2078 645 2128 a
674 2051 904 2132 cancellario.
927 2055 1024 2130 Haec
1060 2049 1225 2130 habenda
1246 2074 1320 2129 me-

153 2177 298 2256 thodus.
317 2181 414 2266 Quae
429 2178 466 2254 in
482 2175 571 2256 actis
586 2175 814 2254 continentur
829 2178 976 2270 nemini,
994 2201 1060 2255 nec
1075 2176 1162 2282 ipsis
1176 2175 1321 2282 quidem

150 2299 363 2403 coniugibus
392 2325 585 2405 eorumque
613 2297 860 2380 defensoribus
888 2315 994 2380 erunt
1023 2299 1315 2380 communicanda

148 2437 234 2502 ante
272 2447 458 2529 processus
496 2424 790 2529 publicationem,
830 2448 903 2502 nno
939 2437 1087 2528 excepto
1124 2421 1315 2502 Defensore

150 2549 380 2644 matrimonii,
404 2550 461 2628 cui
481 2549 593 2628 libera
613 2575 752 2654 semper
766 2561 803 2628 et
821 2549 1120 2655 quandocumque
1134 2549 1202 2628 erit
1218 2564 1318 2631 acto-

150 2697 228 2750 rum
258 2673 433 2778 inspectio
461 2686 498 2751 et
526 2698 690 2752 examen.

229 2799 344 2874 Locus
371 2795 500 2875 deinde
519 2799 588 2876 erit
607 2795 888 2876 defensionibus.
921 2796 1088 2876 Liberum
1117 2797 1223 2878 etiam
1251 2803 1318 2878 erit

149 2919 333 2998 Defensori
361 2921 576 3000 matrimonii
604 2933 684 3026 post
704 2945 891 3026 processus
911 2920 1189 3026 publicationem
1208 2947 1319 3000 novas

146 3043 376 3148 probationes
404 3045 615 3150 exquirere,
647 3071 727 3124 cum
755 3059 838 3150 agat
871 3045 990 3124 farore
1024 3047 1250 3142 sacramenti,
1283 3059 1320 3126 et

147 3191 343 3272 numquam
372 3167 455 3247 bina
484 3171 661 3248 sententia
689 3169 867 3249 nullitatis
894 3169 1084 3250 conformis
1104 3183 1263 3250 transeat
1278 3170 1316 3248 in

148 3317 225 3370 rem
262 3293 474 3386 iudicatam,
506 3317 547 3370 ac
575 3294 748 3372 reassumi
784 3319 911 3372 caussa
950 3295 1061 3399 possit
1099 3295 1206 3374 etiam
1238 3308 1320 3400 post

147 3415 258 3495 initas
286 3440 396 3493 novas
425 3416 570 3520 nuptias
598 3443 618 3494 a
647 3415 810 3523 partibus
839 3419 939 3496 iuxta
959 3421 1151 3500 Constitut.
1174 3421 1318 3524 saepius

144 3541 293 3620 citatam
323 3544 388 3620 Dei
416 3542 655 3621 miseratione.

229 3666 404 3745 Omnibus
433 3666 621 3762 absolutis,
654 3679 797 3746 etcum
826 3667 876 3744 nil
896 3667 1048 3772 amplius
1069 3666 1317 3746 deducendum

142 3789 328 3867 censuerit
356 3788 528 3869 Defensor
555 3789 787 3885 matrimonii,
810 3791 1027 3869 sententiam
1050 3789 1206 3896 proferet
1234 3790 1320 3895 Epi-

146 3935 294 4015 scopus.

231 4033 267 4114 Si
288 4035 355 4114 bac
374 4036 588 4115 matrimonii
608 4035 698 4114 nolli
710 4048 765 4114 tas
785 4033 927 4114 decreta
948 4036 1069 4132 fuerit,
1088 4037 1234 4116 debebit
1253 4040 1323 4114 De·

142 4157 266 4238 fensor
286 4159 498 4239 matrimonii
513 4160 693 4266 appellare
714 4159 816 4237 iuxta
837 4160 983 4238 citatam
1004 4160 1314 4254 Constitutionem,

144 4307 215 4362 nec
229 4297 399 4388 poterunt
418 4284 587 4387 coniuges
602 4280 646 4361 ad
663 4283 733 4360 alia
747 4296 829 4361 vota
844 4285 997 4363 transire
1013 4284 1082 4362 nisi
1097 4297 1178 4390 post
1192 4283 1320 4364 obten-

144 4420 223 4485 tam
234 4407 606 4488 alteramsententiam
618 4406 831 4487 conformem
842 4431 951 4512 super
962 4407 1142 4505 nullitate,
1156 4407 1224 4488 sub
1235 4431 1322 4512 poe·
