3424 5300
891 527 929 540 -
953 493 1008 556 aro
1031 525 1069 538 -

399 617 562 698 absolute
591 616 773 696 subditum
802 613 930 696 iudicis
958 643 1023 696 seu
1051 618 1283 722 magistratus
1311 617 1408 696 illius
1426 617 1508 715 loci,
1532 632 1567 699 et

399 757 659 848 consequenter
686 741 805 821 sortiri
834 741 949 821 lorum
969 741 1044 848 (1).
1067 743 1160 820 Hinc
1179 740 1355 820 domicilii
1373 741 1471 821 lorus
1487 769 1568 848 pro-

399 868 476 973 prie
504 865 635 946 dicitur
664 891 769 944 verus
797 889 838 945 ac
865 865 1041 946 naturalis
1070 864 1150 970 (2),
1181 865 1231 944 ita
1259 879 1300 944 ut
1328 866 1399 944 alia
1428 881 1569 948 tantum

400 1016 443 1070 ex
472 1017 579 1070 causa
607 990 758 1085 subditi,
789 992 843 1070 uti
871 991 1008 1070 ratione
1036 990 1089 1069 rei
1117 990 1223 1086 sitae,
1255 1005 1474 1088 contractus,
1506 991 1570 1070 de-

400 1116 490 1211 licti,
513 1114 679 1194 dicantur
698 1113 834 1194 subditi
848 1115 968 1194 minus
982 1115 1125 1220 proprie
1142 1127 1177 1193 et
1196 1116 1339 1194 nonnisi
1355 1116 1427 1195 lato
1442 1141 1566 1211 sensu,

402 1241 485 1320 dum
514 1255 636 1320 contra
664 1239 761 1320 lorus
789 1235 956 1320 domicilii
975 1253 1030 1319 est
1055 1239 1258 1318 ordinarius
1278 1253 1314 1319 et
1333 1241 1569 1320 universalior

401 1365 543 1461 celeria,
574 1389 788 1444 concurrens
815 1389 895 1442 cum
922 1363 1083 1470 quolibet
1110 1364 1180 1442 alio
1208 1363 1284 1442 loro
1312 1365 1327 1470 (
1356 1363 1386 1469 ).

483 1497 520 1568 6.
551 1491 599 1567 Ut
618 1487 727 1590 igitur
745 1485 1024 1566 matrimoniales
1043 1511 1174 1566 causae
1194 1486 1231 1564 in
1250 1500 1474 1592 competente
1494 1487 1569 1566 loro

402 1625 660 1718 proponantur,
692 1609 949 1690 attendendum
970 1608 1090 1688 estad
1115 1610 1303 1716 corticeum
1332 1607 1566 1688 domicilium.

402 1740 487 1814 Cum
502 1746 620 1812 autem
635 1759 725 1812 uror
735 1734 906 1813 sortiatur
921 1733 989 1811 viri
1004 1734 1060 1812 sui
1076 1731 1293 1812 domicilium
1309 1734 1475 1813 otiorum
1490 1735 1507 1840 (
1536 1733 1565 1838 ),

402 1857 485 1936 hinc
503 1857 671 1958 coniuges
689 1857 727 1934 in
746 1855 863 1935 causis
878 1855 1198 1935 matrimonialibus
1218 1855 1374 1935 subsunt
1392 1857 1569 1964 Episcopo

401 1983 440 2059 in
467 1981 569 2060 cuius
596 1979 748 2059 dioecesi
768 1979 917 2058 maritus
936 1978 1153 2058 domicilium
1173 1979 1295 2058 habet.
1314 1981 1414 2070 Quod
1434 1981 1463 2059 si
1484 2005 1569 2060 con-

402 2105 519 2209 iugale
538 2105 632 2182 vitae
651 2105 867 2183 consortium
885 2128 949 2210 per
967 2104 1227 2209 separationem
1246 2131 1267 2182 a
1286 2117 1364 2184 toro
1391 2120 1428 2184 et
1445 2131 1569 2184 mensa

402 2227 584 2307 sublatum
612 2227 672 2321 sit,
704 2227 770 2306 hoc
797 2226 836 2303 in
863 2251 949 2305 casu
977 2227 1085 2306 iudex
1113 2243 1319 2336 competens
1338 2242 1394 2308 est
1422 2233 1570 2335 Episco-

403 2378 471 2457 pus
497 2353 571 2448 ille,
602 2351 640 2429 in
668 2351 770 2429 cuius
798 2350 951 2430 dioecesi
978 2351 1195 2433 domicilium
1216 2355 1325 2434 habet
1340 2380 1423 2460 pars
1444 2369 1568 2434 contra

404 2501 509 2581 quam
529 2473 747 2581 proceditur.
768 2476 802 2552 Si
818 2500 902 2554 vero
921 2475 1103 2556 sublatum
1122 2479 1169 2556 sit
1188 2505 1252 2584 per
1266 2479 1479 2558 malitiosam
1500 2480 1569 2557 viri

403 2599 459 2678 vel
479 2601 599 2677 uxoris
618 2597 868 2693 desertionem,
886 2597 994 2678 iudex
1009 2613 1212 2705 competens
1227 2615 1281 2681 est
1296 2603 1508 2707 Episcopus,
1532 2606 1569 2681 in

402 2721 503 2800 cuius
531 2720 683 2801 dioecesi
712 2747 795 2826 pars
824 2721 964 2800 deserta
992 2723 1208 2803 domicilium
1238 2725 1347 2804 habet
1372 2723 1446 2828 (5).
1478 2725 1570 2804 Ubi-

403 2870 552 2950 cumque
580 2847 674 2925 enim
702 2847 833 2926 existat
861 2845 1046 2951 transfuga
1075 2851 1219 2944 coniux,
1251 2863 1372 2927 manet
1400 2847 1570 2927 subditus

403 2971 530 3051 iudicis
558 2971 729 3052 dioecesis
757 2971 925 3050 domicilii
953 2972 1019 3050 hoo
1048 2973 1124 3078 ipso
1143 2973 1238 3078 quod
1267 2973 1483 3052 domicilium
1503 2999 1569 3079 per

407 3097 644 3176 desertionem
670 3121 742 3174 non
770 3109 897 3175 mutet.

485 3231 521 3300 7.
546 3226 692 3300 Peracta
706 3233 825 3298 autem
844 3220 1030 3315 citatione,
1051 3221 1217 3316 mutatio,
1240 3245 1333 3325 quae
1347 3220 1467 3325 quoad
1483 3245 1571 3299 con-

405 3345 526 3446 iugum
546 3340 759 3419 domicilium
777 3339 928 3444 posthac
946 3339 1204 3433 interveniret‚'
1216 3341 1345 3419 iudicis
1363 3353 1571 3445 competen-

406 3467 492 3546 tiam
519 3493 590 3545 non
617 3479 731 3545 mutat
758 3465 833 3570 (6).
864 3465 931 3553 uui
960 3465 1054 3542 enim
1083 3491 1103 3542 a
1132 3463 1248 3544 iudice
1264 3481 1487 3572 competente
1517 3467 1572 3544 le·
1697 3457 1698 3474 Ν

406 3591 525 3695 gitime
552 3591 684 3670 citatus
712 3589 871 3694 adeoque
892 3591 929 3667 in
948 3614 1056 3668 causa
1071 3605 1290 3694 praeventus
1318 3591 1401 3685 luit,
1427 3593 1570 3672 etiamsi

475 3781 513 3855 (lt
531 3781 606 3839 Glos.
626 3783 661 3839 lo
680 3781 767 3838 cum.
788 3779 867 3838 unic.
888 3779 922 3836 dc
940 3780 1003 3852 loro
1022 3787 1146 3858 compet..
1162 3797 1189 3838 r.
1211 3782 1352 3840 subditos.

474 3872 514 3944 (2)
534 3873 600 3943 Cap.
620 3870 672 3942 fio.
692 3869 726 3926 dc
744 3869 807 3942 [oro
825 3877 942 3940 compet.

475 3959 512 4032 (3)
531 3959 639 4024 Glossa,
659 3957 765 4023 abbas,
787 3955 924 4024 latinius,
946 3960 1107 4029 Fagnanus,
1122 3957 1241 4030 Pirhiug
1253 3959 1360 4030 aliique
1379 3961 1483 4019 citatio
1498 3965 1573 4023 Leu·
1696 3923 1697 3964 l

405 4049 484 4106 renio
505 4046 556 4105 lib.
576 4051 604 4105 2.
625 4045 672 4104 tit.
693 4051 718 4104 2.
736 4051 848 4118 quaeat.
867 4049 912 4100 rt.

476 4137 511 4208 (4)
530 4135 648 4207 Pirhing
668 4134 719 4191 lib.
740 4141 769 4194 2.
788 4133 834 4192 to.
856 4139 882 4190 2.
905 4133 939 4191 dc
957 4135 1020 4206 [oro
1033 4141 1152 4206 compet.
1168 4151 1199 4192 n.
1217 4140 1259 4192 ll.
1275 4151 1342 4194 cum
1357 4139 1430 4196 ΑΜ).
1452 4142 1480 4197 in
1501 4159 1571 4216 cop.

401 4223 515 4296 penult.
534 4223 660 4280 drudam
680 4221 725 4279 tlt.
746 4237 776 4279 o.
799 4227 826 4276 7.

477 4313 508 4383 (5)
529 4315 569 4369 lta
589 4313 619 4368 in
637 4313 835 4368 inctructione
860 4325 910 4381 pro
929 4311 1124 4369 tribunalibus
1144 4313 1246 4371 eccles.
1267 4317 1427 4374 austriacas
1447 4317 1571 4379 ditionis
1695 4353 1696 4358 κ

406 4399 435 4470 g.
456 4405 489 4456 eo
509 4399 586 4471 apud
605 4397 825 4470 Papp-Szilagm
843 4397 1043 4457 Emtlrldlon
1061 4407 1115 4457 etc.
1133 4409 1216 4472 port.
1238 4409 1264 4460 2.
1284 4401 1313 4473 S.
1337 4408 1396 4461 lot.

478 4485 513 4558 (6)
533 4485 745 4558 Pupp-sartago
765 4485 868 4544 excit.
889 4488 1096 4545 instructione.
