3402 5292
639 411 815 474 -355-

151 533 244 614 unic.
279 541 317 614 G.
348 535 403 614 de.
435 547 532 640 rapt.
564 536 659 640 oirp.
689 561 782 640 quae
810 535 890 614 ideo
923 535 1149 638 gravissimas
1176 561 1311 642 poenas

151 658 185 736 ia
213 673 375 764 raptores
408 661 566 740 mulieris
604 661 758 740 volantis
794 660 1043 754 comminatur,
1085 661 1170 765 puio
1203 659 1311 766 (sunt

151 781 256 860 verba
284 783 394 888 legis)
422 783 484 864 laec
512 787 631 891 ipsum
659 783 747 864 aelle
773 783 980 870 mulierum,
1003 783 1054 866 alr
1083 783 1224 864 insidiis
1252 810 1315 864 ne·
1407 855 1414 872 ‚

149 906 311 1012 quissimi
337 907 488 988 laomim's
517 911 579 1015 qai
596 909 792 990 meditatur
820 907 989 1014 rapinam
1016 907 1221 987 inducitur:
1242 905 1314 986 nisi

150 1031 241 1110 enim
269 1043 394 1136 ruptor
422 1059 500 1112 eom
518 1031 781 1130 sollicitaverit,
812 1031 885 1114 nisi
915 1031 1043 1112 odiosis
1075 1031 1214 1111 artibus
1242 1030 1315 1110 air-

152 1157 583 1263 teneraetenerae
608 1183 688 1238 eom
716 1157 804 1238 uelle
834 1159 873 1236 in
902 1169 1043 1237 tontum
1071 1157 1215 1236 dedecus
1244 1171 1315 1236 sese

148 1280 309 1387 prodere.
879 1287 884 1296 '

232 1414 269 1484 5.
286 1403 340 1484 dd
354 1430 447 1510 quae
461 1405 570 1486 verba
585 1406 673 1510 legis
688 1407 839 1484 maxime
854 1405 1052 1484 attendisse
1068 1403 1211 1483 videtur
1225 1409 1262 1482 S.
1274 1407 1311 1482 C.

153 1553 263 1634 eaque
292 1529 403 1610 relati
431 1531 614 1610 criterium
643 1529 832 1610 tradidisse
848 1529 893 1610 ad
921 1528 1175 1608 discernendas
1201 1527 1318 1607 abdu-

150 1651 285 1731 otiones
313 1653 486 1757 puellae,
517 1681 610 1760 quae
639 1653 708 1734 sab
736 1655 880 1734 Concilii
909 1653 1051 1734 decreto
1084 1653 1317 1759 eomprehen-

152 1776 301 1856 duntur.

230 1907 395 1982 Praestat
424 1903 460 1982 in
489 1905 556 1984 hae
584 1904 734 1984 materia
762 1904 894 1982 habere
914 1929 999 2008 prae
1015 1904 1126 1984 oeulis
1153 1903 1314 2008 exempla

145 2025 367 2106 decisionum
394 2052 487 2130 quae
516 2041 597 2134 post
626 2029 718 2106 hano
750 2027 1004 2107 resolutionem
1032 2029 1181 2106 emissae
1210 2039 1312 2121 sunt,

156 2149 344 2255 usquead
373 2164 495 2229 nostra
524 2165 698 2256 tempora.

235 2278 287 2352 Es
316 2272 470 2354 decretis
498 2279 535 2354 S.
567 2280 605 2353 G.
637 2279 674 2353 C.
707 2273 824 2376 colligi
852 2299 955 2379 posse
984 2273 1144 2352 videtur:

154 2487 191 2570 a)
213 2485 352 2578 Raptum
375 2485 429 2580 qui
451 2487 547 2560 eadat
569 2491 630 2560 sub
660 2485 792 2562 Gonoilii
821 2487 950 2562 decreto
972 2505 1035 2560 noa
1057 2485 1169 2560 haberi
1198 2485 1321 2579 queam

227 2592 379 2771 rtppotpppu
380 2591 584 2770 praenotant
617 2591 844 2668 oonolutentos
875 2591 913 2668 de
946 2591 1152 2666 matrimonio
1186 2591 1323 2666 memte

237 2900 273 2970 6.
297 2894 491 2998 Reponitur
505 2895 681 2999 quaedam
695 2895 865 2974 resolutio
880 2920 971 2972 sacr.
990 2897 1028 2972 C.
1048 2900 1085 2973 C.
1103 2893 1140 2971 in
1151 2891 1323 2972 Mediolo-

156 3041 237 3094 nen.
269 3017 494 3097 matrimonii
531 3018 681 3098 dietae
724 3017 868 3120 augusti
901 3025 995 3096 1661
1019 3019 1141 3097 ouius
1168 3041 1322 3122 sequens

157 3153 236 3218 erat
256 3139 338 3219 laeti
359 3141 509 3246 speeies.
544 3173 562 3215 r
582 3143 715 3226 Paulus
730 3143 888 3219 Clemens
907 3169 927 3218 a
947 3146 1053 3220 Porta
1073 3155 1108 3220 et
1130 3145 1231 3219 Anna
1250 3145 1325 3218 lda-

159 3263 254 3340 ‹ria
283 3291 304 3342 a
332 3267 455 3361 Turre,
487 3265 665 3370 supplices
693 3265 777 3342 huie
805 3291 836 3344 s.
868 3269 1039 3367 congreg.
1080 3263 1169 3342 alias
1201 3289 1326 3344 narra·

164 3417 182 3460 e
207 3387 294 3466 bant
322 3401 506 3467 contracta
534 3388 629 3467 inter
656 3413 693 3466 se
722 3387 832 3466 luisse
852 3389 1045 3493 sponsalia,
1069 3411 1133 3493 per
1152 3387 1260 3466 verba
1280 3387 1324 3466 de

163 3510 348 3590 «tuturo-
372 3515 456 3590 Post
483 3537 567 3590 vero
596 3510 709 3590 laetas
737 3524 810 3590 tres
838 3511 1132 3590 denunciationes
1151 3511 1188 3590 in
1221 3537 1327 3617 paro-

162 3663 182 3708 <
205 3635 284 3713 chia
311 3635 392 3729 viri,
423 3648 460 3714 et
488 3633 578 3714 dues
606 3635 642 3712 in
661 3635 829 3740 parochia
849 3635 1020 3729 mulieris,
1042 3640 1179 3740 Gaspar
1200 3639 1322 3713 Annae

162 3773 309 3863 «pater
336 3774 373 3839 et
401 3767 502 3837 Anna
531 3759 608 3866 ipsa
636 3759 795 3837 eiusdem
822 3759 936 3864 patris
965 3758 1134 3864 impulsa,
1158 3785 1221 3864 pro
1250 3783 1326 3836 res-

162 3913 182 3958 ‹
206 3884 355 3962 cissiona
384 3883 602 3989 sponsalium
618 3909 734 3962 eoram
755 3883 942 3962 Ordinario
962 3883 1187 3962 institerunt.
1210 3887 1326 3972 Quare

162 4038 183 4081 ‹
208 4033 286 4086 cum
315 4033 371 4086 res
400 4008 437 4085 in
465 4007 609 4110 longum
638 4006 857 4100 traheretur,
875 4012 976 4085 Anna
997 4007 1104 4084 misso
1132 4005 1262 4084 nuncio
1281 4004 1325 4082 ad

164 4131 421 4209 «Clementem
450 4131 582 4210 obtulit
611 4155 689 4208 sese
718 4129 954 4208 discessuram
982 4156 1002 4206 a
1030 4142 1180 4234 paterna
1208 4128 1325 4222 domo,

165 4283 185 4327 a
210 4254 240 4331 si
268 4253 343 4358 ipse
372 4279 451 4333 eam
478 4279 597 4333 seeum
627 4252 865 4348 adducturus
897 4265 994 4330 carto
1013 4252 1213 4330 constituto
1241 4265 1332 4331 tem-

170 4403 311 4482 «porm
331 4401 440 4485 propo
468 4379 611 4458 domum
639 4402 741 4456 suam
769 4376 1010 4481 praestolatus
1038 4388 1146 4454 esset.
1171 4378 1335 4480 Quapro-
