3456 5300
848 495 1000 556 ..9ss-

343 646 423 700 nem
452 621 638 700 obiiciat»
670 623 743 732 (l).
767 670 790 684 -
810 627 909 704 Idem
937 639 973 704 et
1000 627 1229 732 provincialis
1257 625 1421 734 Synodus
1451 629 1511 706 Li-

343 745 511 826 banensis
539 774 602 854 pro
630 749 814 828 Maronitis
842 749 975 830 diserte
1003 753 1147 831 statuit:
1181 781 1199 824 ‹
1223 755 1362 830 Nonum
1400 752 1513 856 impe-

342 871 538 950 dimentum
566 873 652 977 (est)
672 873 816 952 Ordinis
836 874 942 969 sacri,
966 873 1131 957 nimirum
1152 875 1189 952 in
1208 873 1366 952 Ecclesia
1388 887 1507 952 nostra

341 1009 423 1101 post
457 1009 663 1101 susceptum
700 997 949 1092 Diaconatum,
989 997 1052 1104 qui
1089 997 1225 1104 primus
1262 999 1356 1078 inter
1393 1025 1512 1078 sacros

344 1117 495 1198 Ordines
510 1133 579 1224 est,
603 1117 869 1199 Subdiaconatu
889 1121 982 1200 inter
1001 1121 1155 1200 minores
1175 1135 1393 1226 consputam.
1429 1125 1512 1201 nia-

343 1245 422 1324 coni
443 1246 552 1338 enim,
575 1242 778 1352 Presbyteri
798 1257 833 1322 et
853 1245 1018 1350 Episcopi
1037 1259 1117 1348 post
1136 1260 1321 1351 susceptos
1341 1246 1507 1342 Ordines,

343 1368 484 1446 irritum
498 1380 552 1446 est
571 1381 608 1446 et
627 1365 765 1446 nullum
784 1369 1048 1446 matrimonium
1062 1369 1157 1474 quod
1178 1369 1388 1449 contrahere
1408 1395 1513 1476 prae-

343 1491 600 1598 sumpserint>
632 1488 704 1596 (E).
738 1489 780 1568 vi
808 1475 912 1596 porro
941 1493 1223 1598 approbationis
1242 1506 1284 1571 ut
1310 1519 1418 1598 supra
1446 1519 1512 1572 an·

343 1616 487 1710 notavi,
520 1613 696 1692 informa
726 1613 888 1720 specifica
918 1613 1024 1694 datae
1052 1615 1098 1694 ab
1113 1617 1306 1722 apostolica
1335 1617 1424 1696 Sede
1444 1616 1510 1695 lra-

343 1764 421 1816 rum
450 1736 671 1845 Synodorum
700 1737 866 1834 decretis,
897 1743 1122 1818 matrimonia
1150 1767 1170 1818 a
1200 1739 1391 1848 praedictis
1420 1741 1509 1820 inita

343 1862 487 1940 Clericis
514 1875 600 1940 sunt
628 1860 772 1966 quidem
801 1861 917 1958 irrita,
949 1863 1149 1945 dirimentis
1177 1864 1421 1970 impedimenti
1449 1891 1508 1944 ra·

343 1986 454 2065 tione.
611 2019 624 2051 ·

423 2121 488 2190 23.
519 2109 612 2200 Quid
641 2134 745 2214 porro
773 2107 962 2189 dicendum
978 2111 1022 2190 de
1042 2114 1265 2194 matrimonio
1284 2128 1365 2220 post
1384 2115 1510 2194 solem·

344 2261 424 2316 nem
453 2233 654 2338 :elipiosom
686 2216 937 2338 professionem
957 2238 1164 2314 contractol
1184 2282 1207 2295 -
1227 2241 1369 2316 Certum
1389 2237 1511 2344 explo-

341 2371 529 2462 ratumque
557 2369 626 2450 est,
665 2355 772 2434 etiarn
800 2355 895 2460 apud
925 2356 1124 2437 Orientales
1152 2359 1342 2455 Ecclesias,
1373 2360 1510 2438 nullum

343 2495 379 2562 ct
407 2483 547 2560 irritum
576 2505 654 2558 esse
683 2480 946 2558 matrimonium
967 2479 1095 2558 initum
1123 2505 1187 2560 seu
1215 2483 1335 2586 potius
1354 2495 1511 2562 attenta-

344 2620 420 2686 tum
450 2632 470 2683 a
498 2602 681 2682 Monachis
709 2601 765 2680 rel
793 2601 1008 2681 Monialibus
1045 2617 1125 2708 post
1152 2605 1321 2684 emissum
1354 2605 1508 2686 solemne

342 2742 537 2834 perpetuae
574 2726 751 2806 castitatis
787 2738 908 2803 votum
936 2725 973 2802 in
1002 2725 1220 2832 professione
1258 2727 1435 2832 religiosa.
1466 2728 1508 2807 ld

341 2876 386 2930 ex
414 2850 579 2958 pluribus
606 2848 746 2928 eruitur
782 2847 1019 2928 documentis
1051 2854 1095 2928 Et
1123 2853 1274 2956 primum
1299 2855 1437 2932 eruitur
1464 2877 1508 2932 er

343 2978 453 3056 citata
481 2973 622 3082 Synodo
660 2971 929 3068 Maronitarum,
962 2975 1092 3052 nedum
1122 2974 1156 3052 vi
1183 2975 1316 3054 decreti
1343 3000 1407 3080 pro
1435 2979 1510 3054 lla-
1633 3083 1641 3096 ·

340 3099 481 3194 ronitis,
513 3097 576 3176 sed
605 3096 742 3176 ratione
772 3095 878 3175 etiam
894 3099 1119 3177 auctoritatis
1138 3097 1361 3204 disciplinam
1382 3098 1509 3176 Orien-

341 3221 467 3300 talium
495 3220 704 3300 asserentis.
745 3223 841 3298 Haec
869 3233 989 3298 autem
1017 3245 1059 3298 ea
1088 3221 1253 3327 Synodus
1285 3221 1507 3300 decernendo
1582 3209 1584 3212 ⁵

342 3343 523 3422 declarat:
557 3347 727 3422 «Votum
755 3341 910 3420 solemne
939 3343 1129 3438 castitatis
1161 3355 1234 3420 tam
1267 3345 1304 3421 in
1332 3343 1418 3422 viris
1445 3349 1509 3448 qui

341 3467 503 3547 Monachi
523 3465 703 3561 habitum,
734 3491 840 3570 quam
856 3465 894 3542 in
914 3464 1053 3544 leminis
1072 3491 1165 3570 quae
1185 3465 1390 3544 llonialium
1405 3465 1509 3544 sche-

341 3617 397 3671 ma
425 3591 620 3696 accipiunt,
653 3601 707 3667 est
726 3587 1018 3694 impedimentum
1037 3588 1207 3668 dirimens
1227 3589 1503 3684 matrimonium,

341 3718 416 3793 sive
443 3713 512 3795 tria
532 3725 809 3820 rotaexpresse
837 3737 954 3790 coram
983 3711 1170 3817 Superiora
1200 3713 1397 3807 emiserint,
1432 3712 1507 3790 sive

341 3839 449 3918 tacite
476 3851 512 3917 et
540 3835 709 3942 implicite
738 3833 839 3914 iuxta
867 3835 1012 3914 Rituale
1032 3835 1226 3916 Orientalis
1245 3836 1437 3916 Ecclesiae.
1458 3837 1506 3914 Ut

339 3963 562 4040 aitsanctus
590 3959 761 4038 Basilius:
789 3943 1052 4036 ‘canonicorom
1079 3959 1273 4063 fornicatio
1283 3984 1350 4064 pro
1377 3957 1507 4036 matri-

411 4184 447 4256 (ll
468 4183 602 4256 synodus
616 4153 812 4240 ltuthenorum
828 4182 924 4241 habita
941 4185 971 4241 in
982 4184 1059 4242 civit.
1075 4185 1235 4242 zamosctae
1253 4199 1304 4242 an.
1319 4189 1397 4242 4720.
1411 4185 1457 4244 tlt.
1471 4190 1498 4242 e.

337 4274 368 4346 S.
388 4279 416 4328 8.
434 4289 505 4344 paq.
527 4279 587 4341 tto,
612 4279 639 4330 et
653 4273 720 4330 citat
738 4271 884 4344 synodum
904 4274 1017 4338 ouium.
1038 4287 1104 4331 can.
1124 4279 1152 4332 5.

410 4361 444 4433 (2)
465 4363 597 4434 synodus
609 4362 813 4419 Maronitarum
832 4361 930 4419 hahita
943 4363 973 4419 in
986 4371 1082 4446 moute
1095 4363 1203 4422 Libano
1216 4379 1266 4422 co.
1282 4369 1362 4434 475⁶,
1377 4371 1458 4438 port.
1472 4367 1503 4436 ε,

339 4463 405 4523 cop.
427 4454 469 4506 tt.
488 4451 519 4522 S.
539 4459 566 4508 8.
586 4467 616 4509 n.
637 4453 684 4509 IX.
