3402 5292
846 421 884 436 -
905 387 964 451 296
985 419 1022 434 -
1125 381 1131 389 ”

430 522 494 604 21.
526 513 664 589 Pariter
691 511 839 590 solemni
873 508 1104 591 iureiurando
1138 507 1276 586 firmata
1309 507 1447 600 eudem,
1480 531 1521 584 ac

350 637 485 742 primus
513 649 550 714 et
578 635 668 714 alter
698 636 814 729 testie,
846 635 1042 739 ingeminat
1062 632 1236 711 Antonias
1256 639 1322 726 F.,
1345 635 1408 736 qui
1428 631 1523 736 opti-

349 787 405 840 me
434 773 583 838 noverat
612 761 852 863 genealogiam
881 760 1044 840 Andreae
1064 763 1104 837 P.
1128 759 1183 835 rel
1203 783 1246 836 err
1266 755 1420 860 eoquod
1441 781 1520 834 cum

350 883 546 988 aliquando
575 883 752 987 optauerit
786 907 931 962 uxorem
960 881 1090 960 ducere
1130 880 1373 984 ltagdalenam
1413 880 1520 958 filiam

350 1008 571 1110 Augustinae
601 1013 664 1102 P.,
696 1033 802 1112 quam
833 1021 950 1086 tamen
979 1031 1051 1086 non
1079 1006 1199 1098 duait,
1223 1032 1343 1111 saepe,
1376 1022 1417 1086 ut
1446 1007 1522 1086 fieri

350 1131 456 1225 solet,
493 1131 571 1208 eius
609 1131 750 1209 domum
790 1130 1055 1236 frequentabat,
1096 1145 1133 1209 et
1161 1130 1270 1208 liliam
1308 1143 1345 1209 et
1372 1143 1520 1210 matrem

351 1255 429 1332 eius
458 1257 707 1357 Augustinam,
741 1255 920 1360 huiusque
939 1280 1094 1333 sororem
1116 1255 1332 1333 llominicam
1361 1254 1523 1358 alloque-

350 1377 478 1456 batur:
510 1376 605 1456 undo
635 1377 737 1478 longe
766 1377 891 1456 aberat
921 1391 960 1456 ut
988 1403 1069 1456 eum
1098 1393 1219 1482 posset
1238 1403 1360 1456 earum
1390 1401 1521 1479 genea-

348 1501 441 1603 logia
471 1501 596 1578 latere.
628 1504 743 1589 Quare
763 1514 801 1578 et
821 1501 895 1606 ipse
916 1501 959 1579 ad
993 1511 1077 1580 15⁰³*
1109 1501 1421 1602 interrogatoriom
1444 1501 1520 1578 iure

348 1623 466 1727 potnit
494 1623 728 1702 concludere:
764 1626 890 1702 «Dico
920 1624 1126 1702 finalmente
1154 1623 1220 1702 che
1248 1623 1438 1702 isuddetti
1464 1623 1523 1700 Ti·

352 1773 370 1819 «
395 1745 450 1824 cio
481 1755 519 1824 S.
550 1753 693 1842 eBertc
709 1753 753 1823 B.
776 1773 864 1826 sono
880 1747 1020 1852 parenti
1050 1747 1102 1825 lra
1118 1748 1194 1824 loro
1214 1747 1251 1824 in
1268 1757 1305 1825 3⁰
1321 1745 1444 1848 gradu.
1470 1746 1522 1824 Ed

351 1901 370 1946 <
393 1896 474 1950 ecco
494 1871 518 1948 l’
530 1871 651 1949 albero
670 1872 736 1949 che
757 1870 937 1949 stabilisse
954 1872 986 1948 la
1002 1873 1075 1950 loro
1090 1871 1294 1976 parentela:
1313 1869 1457 1948 Andreo
1474 1877 1518 1947 Ρ.

307 2016 308 2021 ‘
352 2025 370 2069 ‹
394 1995 531 2100 stipite,
564 1993 608 2071 da
637 1995 694 2071 eui
714 1997 733 2072 b
754 2007 886 2072 renota
915 1995 1085 2096 Apustiuo
1101 2007 1123 2073 e'
1140 1995 1346 2085 Domeuico,
1368 1991 1413 2070 da
1433 2017 1523 2096 que-

353 2135 452 2205 ‹sta
480 2118 587 2223 Lut'pt'
618 2127 681 2213 B.,
713 2143 732 2197 e
762 2119 795 2222 la
824 2119 859 2196 di
880 2119 930 2197 lui
960 2119 1054 2222 liglia
1084 2127 1194 2198 Borto
1214 2126 1258 2196 B.
1283 2123 1332 2194 Da
1353 2117 1522 2219 Agostina

355 2274 373 2319 ι
398 2244 455 2349 poi
485 2242 700 2321 Mudduleoc
732 2251 804 2333 Q.‚
834 2243 879 2321 da
908 2242 1118 2322 Maddalena
1151 2244 1249 2323 Tiaic
1283 2251 1321 2321 S.
1351 2241 1386 2320 di
1415 2243 1461 2320 lei
1482 2242 1525 2325 li-.

355 2369 508 2472 ‹glio›
540 2368 675 2470 (dileg.
707 2370 771 2468 C).
1198 2351 1202 2362 ’

433 2499 497 2570 22.
529 2491 594 2569 His
623 2490 788 2569 omnibus
816 2504 929 2596 patet,
953 2491 1114 2570 arborem
1134 2489 1458 2594 consanguinitatis
1477 2512 1521 2568 er

348 2615 615 2722 parochialibus
643 2615 825 2694 codicibus
853 2632 991 2695 erutam
1020 2617 1304 2696 luculentissima
1325 2641 1366 2693 ac
1386 2613 1523 2720 plenis·

351 2742 439 2818 sima
467 2739 677 2845 probatione
706 2740 903 2818 confirmari
934 2765 997 2844 per
1017 2753 1127 2820 testes
1156 2741 1286 2818 nedum
1307 2741 1342 2817 in
1365 2739 1521 2816 themate

351 2863 511 2957 idoneae,
544 2863 605 2942 sed
635 2877 671 2941 et
698 2863 792 2940 omni
812 2867 1020 2968 exceptione
1040 2864 1191 2942 maiores
1217 2879 1259 2943 ut
1278 2863 1446 2967 superius
1466 2863 1523 2938 in·

352 2988 429 3064 nui.
461 2989 506 3064 Hi
535 2986 628 3065 enim
657 2987 791 3064 talibus
829 2987 1084 3090 praerogativis
1124 2987 1271 3092 pollent,
1309 3001 1349 3066 ut
1378 2986 1519 3090 plenam

352 3111 497 3190 ualeant
526 3110 629 3190 sidem
659 3111 697 3187 in
725 3109 856 3188 iudicio
885 3110 1012 3190 lacere.
1035 3114 1128 3190 Huic
1148 3113 1363 3191 conclusioni
1393 3111 1524 3189 sullra-

354 3250 458 3337 gatur
489 3235 524 3312 in
552 3235 675 3339 primis
703 3247 887 3338 perspecta
917 3235 1111 3314 eorundem
1145 3236 1282 3338 religio,
1314 3234 1416 3328 tides,
1449 3259 1524 3312 mo-

352 3384 430 3436 rum
469 3358 652 3452 honestas,
693 3357 825 3462 optima
864 3358 956 3436 lama
992 3359 1129 3464 (atteg.
1166 3359 1231 3464 Ε).
1255 3358 1522 3460 -Sullragatur

354 3485 474 3586 gravis
503 3507 624 3562 eornm
653 3494 765 3575 aetas,
799 3483 1019 3563 maturitatis
1047 3483 1169 3561 indicii
1203 3485 1313 3577 socia,
1344 3481 1523 3586 corrumpi

352 3609 472 3687 nescia
515 3608 652 3710 (tlleg.
698 3611 779 3708 E),
815 3621 852 3686 et
894 3609 931 3686 in
972 3635 1043 3714 qua
1086 3609 1241 3712 perlecte
1283 3609 1340 3686 soi
1381 3633 1523 3711 compos

320 3729 455 3812 'mens
493 3731 623 3822 elucet,
665 3732 718 3810 uti
757 3757 878 3811 eorum
916 3731 1098 3812 iudicialia
1132 3757 1302 3836 responsa
1340 3731 1525 3810 evidenter

352 3856 563 3949 ostendunt,
596 3881 760 3960 quaeque
788 3857 999 3935 confirmant
1026 3853 1122 3960 thtttl
1152 3856 1374 3960 experientia
1402 3855 1521 3950 docet,

354 4003 457 4057 senes
486 3977 618 4056 elarius
647 3980 833 4056 memorari
854 3979 1025 4058 laetorum
1045 3978 1292 4082 dictorumque
1308 3977 1525 4082 praeceden-

352 4103 399 4180 tis
430 4127 553 4180 eornm
583 4102 726 4196 amatia,
758 4127 865 4206 quam
886 4104 1098 4208 praesentis,
1122 4147 1145 4162 -
1166 4102 1390 4204 Sudrrrgatur
1410 4103 1525 4180 iusiu-

354 4223 506 4302 randum
536 4223 581 4302 ab
609 4225 662 4302 eis
689 4223 895 4304 solemniter
933 4239 1192 4330 nuncupatum,
1228 4226 1339 4330 qnod,
1375 4249 1526 4303 concur-

354 4350 518 4430 rentibus
547 4349 733 4429 recensitis
766 4349 1037 4455 praerogativis,
1073 4350 1240 4428 moralem
1273 4349 1525 4429 certitudinem
