3456 5300
674 507 711 520 -
733 473 769 536 77
791 507 828 522 -

172 611 212 678 ut
238 623 282 678 ex
311 598 371 676 illo
401 599 577 704 Apostoli:
609 598 727 678 Nolite
754 600 877 705 lupum
910 599 1036 679 dacem
1063 625 1142 678 aum
1185 597 1340 703 infideli-

168 723 229 804 bus
259 725 333 828 (1),
365 723 504 803 nullum
525 738 644 804 tamen
672 739 772 804 extat
792 724 1049 820 testimonium,
1072 749 1116 804 er
1144 748 1215 828 quo
1234 747 1340 802 erua-

172 865 242 946 tur,
275 849 406 930 nedum
435 850 599 929 illicitum
627 849 688 928 sed
723 850 865 930 irritum
884 875 925 930 eo
955 851 1031 928 iure
1060 873 1137 928 esse
1165 849 1236 928 tale
1265 875 1341 928 ma·

172 976 387 1070 trimonium,
419 979 582 1082 quamvis
601 977 638 1056 in
667 1002 757 1056 nova
777 977 854 1078 lege
888 975 1051 1055 Christus
1072 976 1335 1054 matrimonium

171 1098 213 1177 ad
242 1101 455 1180 sacramenti
483 1099 696 1204 dignitatem
725 1101 884 1180 evexerit
913 1101 987 1207 (2).

249 1235 285 1304 5.
318 1227 393 1304 Hoc
421 1250 505 1326 ergo
532 1223 703 1304 dirimens
736 1224 1045 1330 impedimentum,
1078 1253 1120 1304 er
1159 1227 1338 1306 communi

171 1363 206 1428 et
233 1361 330 1426 certa
358 1349 552 1444 sententia,
584 1349 659 1428 solo
688 1347 921 1428 ecclesiastico
949 1347 1028 1427 iare
1056 1346 1242 1428 inductum
1263 1364 1337 1446 θεὶς

171 1487 206 1550 et
233 1473 333 1552 nullo
361 1473 511 1554 tortasse
530 1475 608 1554 iuro
635 1476 782 1579 scripto,
805 1473 867 1554 sed
886 1471 1145 1554 cousuetudine
1164 1489 1200 1554 et
1232 1473 1335 1580 praxi

173 1598 386 1678 universalis
422 1599 614 1696 Ecclesiae,
647 1603 716 1678 vim
750 1600 839 1704 legis
867 1599 1043 1680 irritantis
1075 1598 1233 1680 habente
1262 1599 1277 1706 (
1307 1599 1336 1704 ).

172 1723 223 1802 sd
253 1750 328 1804 rem
356 1725 572 1805 Benedictus
612 1717 692 1804 xlv
722 1726 781 1831 (l)
810 1725 854 1806 de
888 1726 955 1806 boc
983 1725 1162 1806 disserens
1190 1725 1341 1833 impedi·

173 1863 290 1929 mento
318 1849 443 1929 docet:
478 1855 604 1930 ‹Cum
633 1850 925 1956 impedimentum
954 1851 1041 1932 illud
1072 1851 1148 1932 iure
1168 1853 1338 1934 canonico

171 1989 346 2056 statutum
369 2001 441 2056 non
469 1975 577 2056 inerit
605 1979 666 2078 (ec
694 1985 750 2073 ξς.
778 1977 979 2084 praeced),
1011 1978 1260 2082 perquiramus
1289 2003 1335 2056 an

172 2100 350 2180 manuni
364 2100 540 2180 Ecclesiae
554 2099 1007 2182 catholicaeconsoetudioe
1021 2114 1219 2208 susceptum
1234 2114 1340 2209 atque

158 2218 357 2330 'firmatam
377 2228 594 2307 inveniatur.
618 2229 694 2314 Oua
723 2225 867 2330 quidem
886 2226 923 2304 in
952 2253 989 2305 re
1017 2253 1140 2308 omnes
1158 2229 1335 2325 sentiunt,

170 2351 214 2432 ob
242 2352 361 2432 cultus
388 2351 635 2457 disparitatem
663 2352 764 2430 irrita
793 2351 1016 2432 matrimonia
1045 2379 1137 2448 esse,
1169 2379 1239 2432 coc
1258 2353 1339 2460 qui-

171 2477 248 2557 dem
268 2477 348 2556 iure
366 2501 549 2556 sacrorum
564 2501 754 2564 canonum,
774 2475 837 2556 sed
856 2476 1016 2582 pectorali
1034 2477 1209 2560 Ecclesiae
1223 2506 1335 2570 more,
1433 2565 1436 2570 ,

171 2601 232 2708 qui
262 2601 426 2708 pluribus
454 2599 586 2679 abhinc
613 2601 744 2680 seculis
774 2601 882 2704 viget,
914 2627 955 2680 ac
982 2601 1056 2682 cim
1085 2601 1170 2708 lepis
1189 2604 1331 2686 obticet.

171 2727 385 2806 Consulatur
413 2725 610 2806 Cardinalis
638 2726 942 2808 bellarminus...
970 2761 1003 2805 ».

249 2861 288 2932 6.
321 2859 436 2958 Atque
451 2852 534 2932 inde
563 2853 726 2957 sequitur
745 2877 848 2958 posse
876 2859 1007 2960 Papam
1028 2855 1065 2934 in
1094 2857 1160 2936 boc
1189 2857 1336 2964 dispen-

171 3003 263 3074 sare,
295 2991 337 3058 ut
364 2977 479 3057 fidelis
508 2979 772 3058 matrimonium
792 2979 982 3060 contrahat
1001 3007 1080 3058 cum
1108 2979 1258 3078 infideli,
1299 2999 1336 3063 et

171 3101 265 3182 licite
306 3103 450 3208 quidem
478 3104 517 3190 si¹
551 3106 669 3208 gravis
712 3119 838 3208 urgeat
866 3130 987 3200 causa,
1019 3119 1055 3184 et
1098 3109 1336 3211 perversionis

170 3242 353 3332 praeterea
397 3229 594 3334 periculum
628 3243 699 3308 tam
742 3229 780 3306 in
808 3229 958 3333 coniuge
999 3255 1106 3336 quam
1134 3233 1171 3309 in
1213 3231 1336 3312 liberis

171 3369 339 3434 caveatur
368 3354 440 3458 (5).
474 3355 614 3434 Scilicet
642 3381 686 3433 er
714 3354 879 3460 pluribus
898 3355 1211 3453 instructionibus,
1241 3381 1334 3464 quae

174 3479 351 3560 habentur
368 3479 475 3560 etiam
503 3480 598 3586 apud
618 3485 772 3560 Perrone
792 3482 867 3584 (6),
886 3481 953 3561 bae
972 3483 1214 3590 praescriptae
1234 3511 1336 3592 repe·

175 3604 316 3685 riuntur
357 3603 578 3685 conditiones
617 3606 651 3682 in
691 3605 1019 3710 dispensationibus
1056 3608 1174 3712 quoad
1213 3610 1336 3689 matri-

241 3779 276 3851 (1)
295 3784 323 3837 a.
344 3779 407 3837 Cor.
425 3787 452 3836 c.

238 3867 277 3941 (tt
295 3868 344 3926 etr
362 3871 481 3926 Leuren.
503 3869 521 3926 l.
540 3885 564 3925 o.
583 3885 616 3926 a.
635 3873 663 3926 Ι.

238 3953 277 4030 (3)
305 3957 431 4015 Sancboz
450 3956 501 4014 tto.
522 3961 547 4012 7.
569 3956 647 4028 disp.
660 3961 704 4012 rt.
723 3973 774 4014 nn.
795 3964 906 4026 7-e,·-
920 3961 1047 4034 Pirbing.
1071 3961 1090 4018 t.
1111 3977 1195 4028 e.;-
1212 3963 1331 4021 Leuren.

175 4043 335 4104 tama

239 4133 275 4207 (4)
296 4134 440 4193 benedict.
459 4135 520 4192 xlv
540 4137 636 4193 const.
655 4134 818 4207 scapulari
844 4136 933 4194 Nobis
952 4137 1015 4207 (sou
1033 4141 1237 4200 continuando
1256 4140 1331 4213 Ello)

172 4221 223 4281 diei
242 4230 258 4280 9
278 4223 352 4296 seor.
373 4229 441 4281 tm
461 4223 497 4280 ad
515 4223 695 4282 cardinalem
715 4224 932 4292 Eboracenscm,
953 4225 982 4296 S.
1007 4232 1049 4286 td.

238 4309 276 4386 (5)
296 4313 422 4370 Sanchez
442 4313 461 4370 t.
483 4329 524 4380 a.;
540 4341 573 4352 -
587 4313 706 4384 Pirbing
727 4313 747 4369 l.
766 4329 803 4376 a.;
822 4341 860 4358 -
877 4315 999 4373 Leuren.
1022 4317 1041 4372 l.
1061 4333 1086 4375 ο.
1106 4333 1137 4375 a.
1157 4323 1185 4374 e.

239 4402 277 4476 (6)
295 4405 437 4472 Porrone;
457 4405 497 4460 Dc
522 4405 657 4462 matrim.
687 4404 792 4462 christ.
821 4404 872 4462 lto.
893 4412 919 4464 2.
945 4413 1008 4466 sect.
1037 4413 1063 4464 t.
1090 4421 1153 4481 cap.
1175 4415 1201 4466 7.
1222 4417 1282 4469 art.
1304 4415 1332 4466 a.

175 4505 233 4564 pap.
252 4497 307 4550 aad
325 4501 430 4566 etseq.
452 4494 543 4552 tertia
560 4493 702 4566 quaestio.
809 4545 822 4576 ,
