3456 5300
895 443 1049 506 ..72-

401 603 418 647 ‹
450 571 691 653 risdiotionem
718 577 863 680 penitus
891 574 1043 669 excedit,
1075 575 1209 680 pluries
1238 571 1402 680 Episcopi
1430 568 1560 674 aliique

401 727 418 770 ‹
451 697 648 776 animarum
682 711 843 802 pastores
871 699 916 777 ab
955 700 1153 806 apostoliea
1182 698 1271 778 Sede
1300 696 1397 774 anxii
1438 707 1563 798 postu-

402 853 420 894 «
454 822 587 917 larunt,
619 847 665 900 an
693 846 736 900 ox
766 836 848 902 aotu
891 823 1000 919 oivili,
1031 825 1092 930 qui
1122 822 1369 903 honorandum
1413 833 1562 925 usurpat

402 980 419 1014 «
453 946 666 1025 matrimonii
696 971 838 1042 nomen,
880 947 1169 1053 impedimentum
1204 947 1362 1027 iustitiae
1400 944 1561 1051 publiene

402 1099 420 1144 e
453 1071 650 1150 honestatis
688 1073 836 1151 oriatur.
877 1078 974 1164 Onne
1008 1074 1266 1180 postulationes
1294 1095 1372 1150 oum
1415 1069 1562 1147 iteratae

404 1225 420 1266 ‹
454 1197 642 1301 postremis
671 1197 767 1275 hisee
797 1199 1016 1303 temporibus
1044 1198 1210 1294 luissent,
1242 1199 1406 1276 Summus
1444 1192 1564 1272 Ponti-

403 1349 421 1392 «
455 1318 512 1399 lex
540 1321 738 1416 mandauit,
771 1337 810 1400 ut
844 1322 1047 1402 huiusmodi
1076 1323 1257 1425 negotium
1294 1349 1314 1398 a
1343 1324 1379 1398 S.
1412 1324 1565 1420 Congre-

403 1473 421 1518 ‹
454 1443 596 1547 gatione
627 1449 792 1524 limorum
821 1473 861 1526 ao
896 1451 1064 1524 Rmorum
1094 1453 1131 1526 S.
1168 1451 1214 1525 R.
1246 1451 1287 1524 ll.
1325 1442 1564 1524 Cardinalium

401 1599 419 1642 e
451 1567 596 1646 Conoilii
624 1571 822 1650 Tridentini
852 1575 1087 1677 interpretum
1116 1573 1182 1650 rite
1211 1596 1251 1649 ao
1279 1568 1404 1648 sedulo
1431 1589 1566 1671 erpen-

400 1723 418 1763 ‹
450 1689 609 1772 deretur.
642 1698 747 1773 Saera
767 1709 886 1774 autem
915 1700 1160 1798 Congregatio,
1193 1693 1382 1802 exquisitis
1412 1691 1564 1770 virorum

403 1845 420 1887 ‹
454 1815 491 1892 in
519 1815 727 1920 theologiois
755 1833 791 1898 et
819 1820 998 1898 eanoniois
1027 1820 1226 1925 disoiplinis
1255 1819 1450 1926 peritorum
1482 1839 1567 1894 eon-

403 1971 420 2012 ‹
453 1940 724 2038 sultationihus,
756 1969 796 2022 ao
824 1971 862 2023 re
890 1959 1028 2024 maturo
1057 1945 1218 2024 discussa
1248 1947 1285 2023 in
1324 1941 1480 2047 generali
1508 1966 1567 2018 eo-

404 2095 423 2139 ‹
454 2066 555 2145 mitio
574 2065 644 2145 diei
668 2079 713 2146 13
745 2070 863 2148 martii
886 2079 985 2149 1879
1008 2071 1210 2176 propositae
1230 2069 1331 2148 dubii
1352 2066 1522 2146 lormulue
1542 2109 1565 2123 -

407 2219 425 2266 e
456 2198 510 2270 Ao
539 2205 655 2280 uetes,
675 2194 737 2299 pm‘
756 2194 862 2300 vulpe
881 2195 984 2274 audit
1003 2195 1272 2272 matrimonium
1306 2192 1424 2279 ciuile,
1440 2190 1566 2296 pariet

407 2346 425 2390 e
456 2315 745 2422 impedimentum
766 2317 926 2398 iustitiae
949 2317 1112 2424 publicae
1131 2319 1321 2398 honestetis
1341 2363 1364 2376 -
1387 2315 1567 2420 resoripsit

407 2471 426 2516 ‹
458 2485 481 2500 -
501 2442 693 2547 Nepotioe;
721 2455 754 2521 et
772 2442 1022 2522 eortsuleodom
1044 2449 1167 2530 SSmo,
1199 2455 1237 2522 ut
1256 2443 1293 2522 id
1326 2439 1507 2521 declarare
1526 2463 1567 2516 oe

407 2596 426 2640 ι
458 2578 613 2646 statuere
653 2566 833 2671 dipoeter.
856 2573 1121 2675 -Quapropter
1154 2573 1282 2648 SSmus
1310 2573 1408 2646 linus
1449 2577 1569 2644 noster

409 2721 428 2766 ι
459 2695 529 2770 Leo
549 2695 644 2796 Papa
665 2696 751 2772 XIII
772 2693 894 2773 audita
916 2693 1081 2773 universa
1101 2695 1152 2772 rei
1174 2694 1345 2773 relatione
1364 2693 1401 2770 in
1421 2689 1570 2769 audien-

408 2847 426 2891 «
459 2817 507 2896 tia
536 2816 608 2896 diei
639 2827 684 2896 17
716 2817 874 2896 eiusdem
903 2821 1034 2896 mensis
1062 2821 1099 2897 in
1128 2833 1209 2898 vota
1226 2824 1262 2897 S.
1286 2823 1323 2902 C.
1356 2815 1566 2910 consedens,

408 2971 426 3016 e
459 2965 522 3046 per
548 2965 719 3046 praesens
747 2940 928 3021 deoretum
957 2942 1130 3038 deelarat,
1161 2971 1203 3022 ao
1239 2943 1380 3037 statuit,
1412 2965 1571 3046 praeme-

409 3096 427 3140 ‹
460 3079 634 3146 moratum
664 3079 796 3162 aetum,
827 3067 889 3172 qui
923 3067 1028 3170 vulgo
1056 3067 1188 3148 dieitur
1217 3067 1479 3147 matrimonium
1521 3067 1572 3144 oi·

410 3221 428 3266 ι
460 3192 545 3288 vile,
576 3191 614 3269 in
643 3193 728 3270 loeis
761 3191 822 3270 ubi
850 3191 1114 3298 promulgatum
1142 3210 1198 3273 est
1225 3193 1406 3273 decretum
1426 3191 1569 3272 Coneilii

409 3345 427 3390 <
459 3313 656 3396 Tridentini
690 3343 773 3394 sess.
804 3321 915 3396 XXIV
953 3343 1031 3424 cop.
1068 3330 1082 3396 l
1117 3321 1159 3400 de
1186 3322 1373 3426 reformat.
1405 3320 1567 3399 matrim.

410 3469 429 3516 e
460 3439 536 3520 sive
563 3439 685 3520 fideles
714 3454 832 3520 aetum
851 3441 967 3547 ipsum
996 3445 1180 3548 explentes
1200 3445 1403 3540 intendant,
1436 3447 1488 3526 nti
1507 3449 1571 3550 par

410 3595 429 3640 e
461 3579 529 3660 est,
562 3563 804 3667 (matrimonio
832 3567 1070 3647 eeclesiastico
1100 3571 1168 3648 iam
1197 3571 1264 3650 rite
1293 3571 1484 3664 celebrato,
1517 3570 1570 3648 vel

410 3720 428 3765 e
460 3715 538 3768 eum
567 3687 684 3767 animo
703 3689 792 3767 illud
811 3692 1025 3794 quantotius
1043 3693 1264 3800 celebrandi)
1293 3721 1424 3774 meram
1453 3719 1573 3773 eaere-

412 3847 430 3890 ‹
461 3817 614 3895 moniam
643 3814 782 3892 eivilem
803 3839 986 3920 peragere,
1009 3816 1084 3895 sire
1105 3817 1294 3897 intendant
1313 3819 1491 3924 sponsalia
1530 3817 1573 3896 de

411 3971 428 4014 a
461 3941 582 4020 loturo
610 3941 715 4035 inire,
746 3939 821 4018 sive
849 3940 993 4020 tandem
1022 3968 1064 4021 ex
1094 3943 1308 4046 ignorantia,
1329 3959 1392 4024 aut
1421 3944 1457 4022 in
1472 3967 1574 4049 spre-

410 4096 429 4141 ‹
462 4079 538 4145 tum
557 4063 877 4144 ecclesiasticarum
896 4065 1013 4169 legum
1033 4065 1223 4147 intendant
1243 4069 1505 4148 matrimonium
1529 4067 1573 4146 de

411 4221 429 4265 e
462 4188 640 4297 praesenti
660 4189 885 4287 eontrahere,
908 4190 1198 4296 impedimentum
1213 4193 1378 4300 publicae
1406 4195 1576 4274 honesta-

412 4345 431 4394 «
462 4317 509 4396 tis
537 4342 608 4396 non
636 4316 843 4421 producere.
875 4321 991 4420 Atque
1019 4319 1068 4394 ita
1097 4331 1167 4397 ete.
1193 4350 1211 4390 s
1242 4319 1316 4426 (l).

482 4459 521 4534 (1)
540 4464 581 4518 En
599 4460 646 4516 eit.
668 4458 865 4532 Ephemerlde,
886 4459 943 4516 ool.
965 4462 1008 4516 ts.
1027 4473 1099 4530 pop.
1121 4463 1182 4516 tto.
