<?xml version="1.0" encoding="UTF-8"?>
<!DOCTYPE html PUBLIC "-//W3C//DTD XHTML 1.0 Transitional//EN"
    "http://www.w3.org/TR/xhtml1/DTD/xhtml1-transitional.dtd">
<html xmlns="http://www.w3.org/1999/xhtml" xml:lang="en" lang="en">
 <head>
  <title>
</title>
<meta http-equiv="Content-Type" content="text/html;charset=utf-8" />
  <meta name='ocr-system' content='tesseract 3.04.00' />
  <meta name='ocr-capabilities' content='ocr_page ocr_carea ocr_par ocr_line ocrx_word'/>
</head>
<body>
  <div class='ocr_page' id='page_1' title='image "./deimpedimentism00mansgoog_0222.png"; bbox 0 0 3406 5302; ppageno 0'>
   <div class='ocr_carea' id='block_1_1' title="bbox 210 444 1402 2545">
    <p class='ocr_par' dir='ltr' id='par_1_1' title="bbox 210 444 1402 2166">
     <span class='ocr_line' id='line_1_1' title="bbox 698 444 873 510; baseline -0.011 -16"><span class='ocrx_word' id='word_1_1' title='bbox 698 475 736 494; x_wconf 94' lang='grc'>..</span> <span class='ocrx_word' id='word_1_2' title='bbox 756 444 814 510; x_wconf 78' lang='lat'>203</span> <span class='ocrx_word' id='word_1_3' title='bbox 836 475 873 492; x_wconf 89' lang='lat'>-</span> 
     </span>
     <span class='ocr_line' id='line_1_2' title="bbox 213 563 1375 675; baseline 0.003 -31"><span class='ocrx_word' id='word_1_4' title='bbox 213 563 370 644; x_wconf 91' lang='lat' dir='ltr'>mulieris</span> <span class='ocrx_word' id='word_1_5' title='bbox 398 563 443 644; x_wconf 88' lang='lat' dir='ltr'>ad</span> <span class='ocrx_word' id='word_1_6' title='bbox 472 566 527 645; x_wconf 90' lang='lat' dir='ltr'>sui</span> <span class='ocrx_word' id='word_1_7' title='bbox 555 581 697 673; x_wconf 88' lang='lat' dir='ltr'>raptum</span> <span class='ocrx_word' id='word_1_8' title='bbox 733 594 932 656; x_wconf 83' lang='lat' dir='ltr'>consensus,</span> <span class='ocrx_word' id='word_1_9' title='bbox 961 569 1087 650; x_wconf 87' lang='lat' dir='ltr'>sedulo</span> <span class='ocrx_word' id='word_1_10' title='bbox 1122 569 1375 675; x_wconf 85' lang='lat' dir='ltr'>inquirendum</span> 
     </span>
     <span class='ocr_line' id='line_1_3' title="bbox 211 691 1372 797; baseline 0.003 -28"><span class='ocrx_word' id='word_1_11' title='bbox 211 691 280 770; x_wconf 90' lang='lat' dir='ltr'>erit</span> <span class='ocrx_word' id='word_1_12' title='bbox 306 714 352 768; x_wconf 89' lang='lat' dir='ltr'>an</span> <span class='ocrx_word' id='word_1_13' title='bbox 380 703 521 796; x_wconf 84' lang='lat' dir='ltr'>raptum</span> <span class='ocrx_word' id='word_1_14' title='bbox 541 695 799 797; x_wconf 78' lang='lat' dir='ltr'>praecesserint</span> <span class='ocrx_word' id='word_1_15' title='bbox 817 693 1072 773; x_wconf 86' lang='lat' dir='ltr'>concludentes</span> <span class='ocrx_word' id='word_1_16' title='bbox 1086 691 1130 772; x_wconf 90' lang='lat' dir='ltr'>de</span> <span class='ocrx_word' id='word_1_17' title='bbox 1149 693 1372 774; x_wconf 91' lang='lat' dir='ltr'>matrimonio</span> 
     </span>
     <span class='ocr_line' id='line_1_4' title="bbox 213 813 1374 923; baseline 0.003 -31"><span class='ocrx_word' id='word_1_18' title='bbox 213 813 368 894; x_wconf 92' lang='lat' dir='ltr'>ineundo</span> <span class='ocrx_word' id='word_1_19' title='bbox 395 826 584 910; x_wconf 89' lang='lat' dir='ltr'>tractatus,</span> <span class='ocrx_word' id='word_1_20' title='bbox 615 817 671 896; x_wconf 88' lang='lat' dir='ltr'>vel</span> <span class='ocrx_word' id='word_1_21' title='bbox 700 843 746 896; x_wconf 87' lang='lat' dir='ltr'>an</span> <span class='ocrx_word' id='word_1_22' title='bbox 774 816 819 896; x_wconf 90' lang='lat' dir='ltr'>ad</span> <span class='ocrx_word' id='word_1_23' title='bbox 847 815 1060 896; x_wconf 85' lang='lat' dir='ltr'>eludendam</span> <span class='ocrx_word' id='word_1_24' title='bbox 1092 828 1281 922; x_wconf 88' lang='lat' dir='ltr'>parentum</span> <span class='ocrx_word' id='word_1_25' title='bbox 1309 842 1374 923; x_wconf 92' lang='lat' dir='ltr'>op-</span> 
     </span>
     <span class='ocr_line' id='line_1_5' title="bbox 211 939 1377 1046; baseline 0.002 -28"><span class='ocrx_word' id='word_1_26' title='bbox 211 941 421 1046; x_wconf 85' lang='lat' dir='ltr'>positionem</span> <span class='ocrx_word' id='word_1_27' title='bbox 449 943 504 1018; x_wconf 85' lang='lat' dir='ltr'>vir</span> <span class='ocrx_word' id='word_1_28' title='bbox 531 941 608 1020; x_wconf 93' lang='lat' dir='ltr'>sine</span> <span class='ocrx_word' id='word_1_29' title='bbox 635 939 716 1022; x_wconf 88' lang='lat' dir='ltr'>dolo</span> <span class='ocrx_word' id='word_1_30' title='bbox 743 941 925 1024; x_wconf 88' lang='lat' dir='ltr'>mulierem</span> <span class='ocrx_word' id='word_1_31' title='bbox 944 967 988 1022; x_wconf 80' lang='lat' dir='ltr'>er</span> <span class='ocrx_word' id='word_1_32' title='bbox 1007 941 1169 1022; x_wconf 89' lang='lat' dir='ltr'>condicto</span> <span class='ocrx_word' id='word_1_33' title='bbox 1185 939 1377 1022; x_wconf 87' lang='lat' dir='ltr'>abduxerit</span> 
     </span>
     <span class='ocr_line' id='line_1_6' title="bbox 210 1063 1374 1170; baseline 0 -26"><span class='ocrx_word' id='word_1_34' title='bbox 210 1063 254 1144; x_wconf 88' lang='lat' dir='ltr'>ad</span> <span class='ocrx_word' id='word_1_35' title='bbox 282 1066 428 1170; x_wconf 81' lang='lat' dir='ltr'><strong>nuptias</strong></span> <span class='ocrx_word' id='word_1_36' title='bbox 454 1064 707 1162; x_wconf 90' lang='lat' dir='ltr'>conciliandas,</span> <span class='ocrx_word' id='word_1_37' title='bbox 740 1092 781 1146; x_wconf 87' lang='lat' dir='ltr'>eo</span> <span class='ocrx_word' id='word_1_38' title='bbox 813 1067 868 1146; x_wconf 86' lang='lat' dir='ltr'>vel</span> <span class='ocrx_word' id='word_1_39' title='bbox 901 1067 1014 1170; x_wconf 86' lang='lat' dir='ltr'>magis</span> <span class='ocrx_word' id='word_1_40' title='bbox 1041 1067 1071 1145; x_wconf 95' lang='lat' dir='ltr'>si</span> <span class='ocrx_word' id='word_1_41' title='bbox 1105 1065 1232 1145; x_wconf 89' lang='lat' dir='ltr'>mulier</span> <span class='ocrx_word' id='word_1_42' title='bbox 1260 1068 1374 1144; x_wconf 87' lang='lat' dir='ltr'>virum</span> 
     </span>
     <span class='ocr_line' id='line_1_7' title="bbox 212 1187 1375 1272; baseline 0.001 -5"><span class='ocrx_word' id='word_1_43' title='bbox 212 1187 457 1268; x_wconf 77' lang='lat' dir='ltr'>sollicitaverit</span> <span class='ocrx_word' id='word_1_44' title='bbox 488 1201 530 1270; x_wconf 91' lang='lat' dir='ltr'>ut</span> <span class='ocrx_word' id='word_1_45' title='bbox 561 1189 606 1268; x_wconf 91' lang='lat' dir='ltr'>ab</span> <span class='ocrx_word' id='word_1_46' title='bbox 634 1215 675 1270; x_wconf 89' lang='lat' dir='ltr'>eo</span> <span class='ocrx_word' id='word_1_47' title='bbox 708 1189 959 1272; x_wconf 87' lang='lat' dir='ltr'>abduceretur.</span> <span class='ocrx_word' id='word_1_48' title='bbox 990 1195 1043 1268; x_wconf 86' lang='lat' dir='ltr'>Er</span> <span class='ocrx_word' id='word_1_49' title='bbox 1077 1189 1134 1268; x_wconf 89' lang='lat' dir='ltr'>his</span> <span class='ocrx_word' id='word_1_50' title='bbox 1166 1190 1261 1268; x_wconf 87' lang='lat' dir='ltr'>enim</span> <span class='ocrx_word' id='word_1_51' title='bbox 1297 1189 1375 1268; x_wconf 91' lang='lat' dir='ltr'>erui</span> 
     </span>
     <span class='ocr_line' id='line_1_8' title="bbox 212 1312 1375 1419; baseline 0 -29"><span class='ocrx_word' id='word_1_52' title='bbox 212 1312 356 1416; x_wconf 80' lang='lat' dir='ltr'>quidem</span> <span class='ocrx_word' id='word_1_53' title='bbox 382 1314 527 1418; x_wconf 87' lang='lat' dir='ltr'>poterit,</span> <span class='ocrx_word' id='word_1_54' title='bbox 558 1327 684 1419; x_wconf 87' lang='lat' dir='ltr'>raptus</span> <span class='ocrx_word' id='word_1_55' title='bbox 711 1339 755 1393; x_wconf 92' lang='lat' dir='ltr'>ne</span> <span class='ocrx_word' id='word_1_56' title='bbox 784 1313 961 1394; x_wconf 87' lang='lat' dir='ltr'>habeatur</span> <span class='ocrx_word' id='word_1_57' title='bbox 979 1313 1041 1419; x_wconf 90' lang='lat' dir='ltr'>qui</span> <span class='ocrx_word' id='word_1_58' title='bbox 1065 1313 1168 1392; x_wconf 88' lang='lat' dir='ltr'>cadat</span> <span class='ocrx_word' id='word_1_59' title='bbox 1188 1312 1255 1392; x_wconf 91' lang='lat' dir='ltr'>sub</span> <span class='ocrx_word' id='word_1_60' title='bbox 1285 1317 1375 1391; x_wconf 84' lang='lat' dir='ltr'>Con-</span> 
     </span>
     <span class='ocr_line' id='line_1_9' title="bbox 210 1420 1402 1548; baseline 0 -32"><span class='ocrx_word' id='word_1_61' title='bbox 210 1439 281 1518; x_wconf 92' lang='lat' dir='ltr'>cilii</span> <span class='ocrx_word' id='word_1_62' title='bbox 317 1439 474 1535; x_wconf 87' lang='lat' dir='ltr'>decreto,</span> <span class='ocrx_word' id='word_1_63' title='bbox 505 1465 551 1516; x_wconf 88' lang='lat' dir='ltr'>an</span> <span class='ocrx_word' id='word_1_64' title='bbox 589 1441 707 1545; x_wconf 90' lang='lat' dir='ltr'>potius</span> <span class='ocrx_word' id='word_1_65' title='bbox 735 1441 824 1548; x_wconf 81' lang='lat' dir='ltr'>supe</span> <span class='ocrx_word' id='word_1_66' title='bbox 855 1441 899 1544; x_wconf 77' lang='lat' dir='ltr'>ad</span> <span class='ocrx_word' id='word_1_67' title='bbox 929 1441 1190 1520; x_wconf 84' lang='lat' dir='ltr'>matrimonium</span> <span class='ocrx_word' id='word_1_68' title='bbox 1222 1420 1402 1518; x_wconf 59' lang='lat' dir='ltr'>liberius*</span> 
     </span>
     <span class='ocr_line' id='line_1_10' title="bbox 210 1561 1370 1668; baseline -0.002 -26"><span class='ocrx_word' id='word_1_69' title='bbox 210 1563 505 1660; x_wconf 82' lang='lat' dir='ltr'>contrabendum.</span> <span class='ocrx_word' id='word_1_70' title='bbox 541 1567 664 1668; x_wconf 88' lang='lat' dir='ltr'>Neque</span> <span class='ocrx_word' id='word_1_71' title='bbox 696 1563 823 1643; x_wconf 89' lang='lat' dir='ltr'>minori</span> <span class='ocrx_word' id='word_1_72' title='bbox 856 1564 1048 1644; x_wconf 91' lang='lat' dir='ltr'>sedulitate</span> <span class='ocrx_word' id='word_1_73' title='bbox 1082 1561 1370 1667; x_wconf 85' lang='lat' dir='ltr'>investigandum</span> 
     </span>
     <span class='ocr_line' id='line_1_11' title="bbox 211 1687 1373 1797; baseline 0.002 -32"><span class='ocrx_word' id='word_1_74' title='bbox 211 1713 257 1766; x_wconf 89' lang='lat' dir='ltr'>an</span> <span class='ocrx_word' id='word_1_75' title='bbox 284 1688 339 1766; x_wconf 80' lang='lat' dir='ltr'>vir</span> <span class='ocrx_word' id='word_1_76' title='bbox 368 1688 559 1768; x_wconf 91' lang='lat' dir='ltr'>meditatus</span> <span class='ocrx_word' id='word_1_77' title='bbox 586 1687 694 1768; x_wconf 84' lang='lat' dir='ltr'>fuerit</span> <span class='ocrx_word' id='word_1_78' title='bbox 721 1690 895 1795; x_wconf 88' lang='lat' dir='ltr'>rapinam,</span> <span class='ocrx_word' id='word_1_79' title='bbox 927 1705 1036 1797; x_wconf 87' lang='lat' dir='ltr'>atque</span> <span class='ocrx_word' id='word_1_80' title='bbox 1055 1690 1100 1768; x_wconf 90' lang='lat' dir='ltr'>ad</span> <span class='ocrx_word' id='word_1_81' title='bbox 1120 1715 1196 1768; x_wconf 91' lang='lat' dir='ltr'>eam</span> <span class='ocrx_word' id='word_1_82' title='bbox 1225 1689 1373 1796; x_wconf 82' lang='lat' dir='ltr'>explen-</span> 
     </span>
     <span class='ocr_line' id='line_1_12' title="bbox 212 1810 1376 1920; baseline 0.003 -30"><span class='ocrx_word' id='word_1_83' title='bbox 212 1810 293 1892; x_wconf 94' lang='lat' dir='ltr'>dam</span> <span class='ocrx_word' id='word_1_84' title='bbox 320 1812 461 1892; x_wconf 89' lang='lat' dir='ltr'>insidiis</span> <span class='ocrx_word' id='word_1_85' title='bbox 489 1813 692 1920; x_wconf 89' lang='lat' dir='ltr'>dolosisque</span> <span class='ocrx_word' id='word_1_86' title='bbox 720 1814 1031 1896; x_wconf 87' lang='lat' dir='ltr'>sollicitationibus</span> <span class='ocrx_word' id='word_1_87' title='bbox 1050 1814 1232 1894; x_wconf 90' lang='lat' dir='ltr'>mulierem</span> <span class='ocrx_word' id='word_1_88' title='bbox 1260 1813 1376 1895; x_wconf 92' lang='lat' dir='ltr'>abdu-</span> 
     </span>
     <span class='ocr_line' id='line_1_13' title="bbox 210 1935 1375 2045; baseline 0.002 -29"><span class='ocrx_word' id='word_1_89' title='bbox 210 1937 314 2032; x_wconf 76' lang='lat' dir='ltr'>xerit,</span> <span class='ocrx_word' id='word_1_90' title='bbox 346 1951 387 2017; x_wconf 94' lang='lat' dir='ltr'>ut</span> <span class='ocrx_word' id='word_1_91' title='bbox 414 1935 498 2018; x_wconf 88' lang='lat' dir='ltr'>dein</span> <span class='ocrx_word' id='word_1_92' title='bbox 525 1937 593 2018; x_wconf 94' lang='lat' dir='ltr'>sub</span> <span class='ocrx_word' id='word_1_93' title='bbox 621 1938 779 2018; x_wconf 88' lang='lat' dir='ltr'>eiusdem</span> <span class='ocrx_word' id='word_1_94' title='bbox 807 1939 961 2045; x_wconf 88' lang='lat' dir='ltr'>raptoris</span> <span class='ocrx_word' id='word_1_95' title='bbox 980 1939 1120 2018; x_wconf 84' lang='lat' dir='ltr'>inllunn</span> <span class='ocrx_word' id='word_1_96' title='bbox 1135 1939 1173 2018; x_wconf 95' lang='lat' dir='ltr'>in</span> <span class='ocrx_word' id='word_1_97' title='bbox 1191 1939 1375 2020; x_wconf 89' lang='lat' dir='ltr'>matrimo-</span> 
     </span>
     <span class='ocr_line' id='line_1_14' title="bbox 210 2063 851 2166; baseline 0.003 -26"><span class='ocrx_word' id='word_1_98' title='bbox 210 2063 310 2140; x_wconf 94' lang='lat' dir='ltr'>nium</span> <span class='ocrx_word' id='word_1_99' title='bbox 337 2063 536 2142; x_wconf 89' lang='lat' dir='ltr'>consentire</span> <span class='ocrx_word' id='word_1_100' title='bbox 564 2075 749 2166; x_wconf 86' lang='lat' dir='ltr'>cogeretur</span> <span class='ocrx_word' id='word_1_101' title='bbox 778 2063 851 2166; x_wconf 88' lang='lat' dir='ltr'>(i).</span> 
     </span>
    </p>

    <p class='ocr_par' dir='ltr' id='par_1_2' title="bbox 214 2187 1376 2545">
     <span class='ocr_line' id='line_1_15' title="bbox 289 2187 1375 2296; baseline 0.001 -30"><span class='ocrx_word' id='word_1_102' title='bbox 289 2191 405 2294; x_wconf 78' lang='lat' dir='ltr'>Atque</span> <span class='ocrx_word' id='word_1_103' title='bbox 415 2187 465 2267; x_wconf 88' lang='lat' dir='ltr'>ita</span> <span class='ocrx_word' id='word_1_104' title='bbox 476 2189 708 2294; x_wconf 86' lang='lat' dir='ltr'>satagendum</span> <span class='ocrx_word' id='word_1_105' title='bbox 725 2189 898 2269; x_wconf 89' lang='lat' dir='ltr'>inceteris</span> <span class='ocrx_word' id='word_1_106' title='bbox 913 2189 1174 2296; x_wconf 88' lang='lat' dir='ltr'>impedimentis</span> <span class='ocrx_word' id='word_1_107' title='bbox 1190 2189 1375 2270; x_wconf 88' lang='lat' dir='ltr'>matrimo-</span> 
     </span>
     <span class='ocr_line' id='line_1_16' title="bbox 214 2312 1373 2420; baseline 0.003 -30"><span class='ocrx_word' id='word_1_108' title='bbox 214 2312 311 2392; x_wconf 90' lang='lat' dir='ltr'>nium</span> <span class='ocrx_word' id='word_1_109' title='bbox 330 2312 595 2410; x_wconf 88' lang='lat' dir='ltr'>dirimentibus,</span> <span class='ocrx_word' id='word_1_110' title='bbox 617 2327 659 2393; x_wconf 93' lang='lat' dir='ltr'>nt</span> <span class='ocrx_word' id='word_1_111' title='bbox 678 2313 721 2392; x_wconf 90' lang='lat' dir='ltr'>ad</span> <span class='ocrx_word' id='word_1_112' title='bbox 743 2313 929 2394; x_wconf 87' lang='lat' dir='ltr'>veritatem</span> <span class='ocrx_word' id='word_1_113' title='bbox 948 2340 991 2393; x_wconf 82' lang='lat' dir='ltr'>en</span> <span class='ocrx_word' id='word_1_114' title='bbox 1007 2314 1096 2394; x_wconf 89' lang='lat' dir='ltr'>actis</span> <span class='ocrx_word' id='word_1_115' title='bbox 1115 2315 1244 2411; x_wconf 89' lang='lat' dir='ltr'>tutius,</span> <span class='ocrx_word' id='word_1_116' title='bbox 1266 2340 1373 2420; x_wconf 89' lang='lat' dir='ltr'>quam</span> 
     </span>
     <span class='ocr_line' id='line_1_17' title="bbox 215 2437 1376 2545; baseline 0.003 -29"><span class='ocrx_word' id='word_1_117' title='bbox 215 2437 290 2516; x_wconf 87' lang='lat' dir='ltr'>fieri</span> <span class='ocrx_word' id='word_1_118' title='bbox 304 2437 450 2543; x_wconf 84' lang='lat' dir='ltr'>poterit,</span> <span class='ocrx_word' id='word_1_119' title='bbox 470 2437 677 2532; x_wconf 89' lang='lat' dir='ltr'>eruendam,</span> <span class='ocrx_word' id='word_1_120' title='bbox 691 2438 987 2542; x_wconf 82' lang='lat' dir='ltr'>interrogationes</span> <span class='ocrx_word' id='word_1_121' title='bbox 1007 2453 1115 2545; x_wconf 86' lang='lat' dir='ltr'>atque</span> <span class='ocrx_word' id='word_1_122' title='bbox 1130 2439 1376 2544; x_wconf 86' lang='lat' dir='ltr'>investigatio-</span> 
     </span>
    </p>
   </div>
   <div class='ocr_carea' id='block_1_2' title="bbox 100 2561 1370 2668">
    <p class='ocr_par' dir='ltr' id='par_1_3' title="bbox 100 2561 1370 2668">
     <span class='ocr_line' id='line_1_18' title="bbox 100 2561 1370 2668; baseline 0 -28"><span class='ocrx_word' id='word_1_123' title='bbox 100 2592 102 2600; x_wconf 48' lang='lat'>*</span> <span class='ocrx_word' id='word_1_124' title='bbox 210 2586 273 2642; x_wconf 89' lang='lat' dir='ltr'>nes</span> <span class='ocrx_word' id='word_1_125' title='bbox 284 2574 504 2668; x_wconf 90' lang='lat' dir='ltr'>opportunae</span> <span class='ocrx_word' id='word_1_126' title='bbox 519 2562 619 2657; x_wconf 88' lang='lat' dir='ltr'>fiant,</span> <span class='ocrx_word' id='word_1_127' title='bbox 633 2587 723 2666; x_wconf 91' lang='lat' dir='ltr'>quas</span> <span class='ocrx_word' id='word_1_128' title='bbox 739 2561 980 2668; x_wconf 86' lang='lat' dir='ltr'>impedimenti</span> <span class='ocrx_word' id='word_1_129' title='bbox 996 2574 1125 2642; x_wconf 90' lang='lat' dir='ltr'>natura</span> <span class='ocrx_word' id='word_1_130' title='bbox 1140 2563 1370 2668; x_wconf 79' lang='lat' dir='ltr'>suggesserit.</span> 
     </span>
    </p>
   </div>
   <div class='ocr_carea' id='block_1_3' title="bbox 209 2686 1376 3517">
    <p class='ocr_par' dir='ltr' id='par_1_4' title="bbox 209 2686 1376 3517">
     <span class='ocr_line' id='line_1_19' title="bbox 292 2686 1374 2792; baseline 0 -27"><span class='ocrx_word' id='word_1_131' title='bbox 292 2695 356 2766; x_wconf 74' lang='lat'>21.</span> <span class='ocrx_word' id='word_1_132' title='bbox 389 2686 593 2766; x_wconf 81' lang='lat' dir='ltr'>Peritcrcnt</span> <span class='ocrx_word' id='word_1_133' title='bbox 621 2686 789 2792; x_wconf 81' lang='lat' dir='ltr'>inspectio</span> <span class='ocrx_word' id='word_1_134' title='bbox 816 2701 871 2766; x_wconf 90' lang='lat' dir='ltr'>est</span> <span class='ocrx_word' id='word_1_135' title='bbox 899 2699 1068 2792; x_wconf 79' lang='lat' dir='ltr'>puccium</span> <span class='ocrx_word' id='word_1_136' title='bbox 1096 2688 1133 2766; x_wconf 96' lang='lat' dir='ltr'>in</span> <span class='ocrx_word' id='word_1_137' title='bbox 1153 2687 1271 2766; x_wconf 93' lang='lat' dir='ltr'>causis</span> <span class='ocrx_word' id='word_1_138' title='bbox 1297 2713 1374 2766; x_wconf 85' lang='lat' dir='ltr'>ma·</span> 
     </span>
     <span class='ocr_line' id='line_1_20' title="bbox 214 2809 1373 2918; baseline -0.003 -26"><span class='ocrx_word' id='word_1_139' title='bbox 214 2811 475 2892; x_wconf 88' lang='lat' dir='ltr'>trimonialibus</span> <span class='ocrx_word' id='word_1_140' title='bbox 520 2809 768 2918; x_wconf 87' lang='lat' dir='ltr'>probationum</span> <span class='ocrx_word' id='word_1_141' title='bbox 815 2835 950 2914; x_wconf 91' lang='lat' dir='ltr'>genus,</span> <span class='ocrx_word' id='word_1_142' title='bbox 999 2810 1171 2890; x_wconf 88' lang='lat' dir='ltr'>adhibitis</span> <span class='ocrx_word' id='word_1_143' title='bbox 1222 2810 1373 2890; x_wconf 76' lang='lat' dir='ltr'>honestis</span> 
     </span>
     <span class='ocr_line' id='line_1_21' title="bbox 210 2934 1376 3041; baseline 0 -27"><span class='ocrx_word' id='word_1_144' title='bbox 210 2935 367 3027; x_wconf 83' lang='lat' dir='ltr'>mediis‚·</span> <span class='ocrx_word' id='word_1_145' title='bbox 396 2960 489 3040; x_wconf 85' lang='lat' dir='ltr'>quae</span> <span class='ocrx_word' id='word_1_146' title='bbox 517 2935 691 3041; x_wconf 83' lang='lat' dir='ltr'>inspectio</span> <span class='ocrx_word' id='word_1_147' title='bbox 728 2935 841 3014; x_wconf 92' lang='lat' dir='ltr'>locum</span> <span class='ocrx_word' id='word_1_148' title='bbox 879 2934 988 3014; x_wconf 89' lang='lat' dir='ltr'>babet</span> <span class='ocrx_word' id='word_1_149' title='bbox 1016 2937 1053 3014; x_wconf 95' lang='lat' dir='ltr'>in</span> <span class='ocrx_word' id='word_1_150' title='bbox 1093 2937 1210 3015; x_wconf 92' lang='lat' dir='ltr'>causis</span> <span class='ocrx_word' id='word_1_151' title='bbox 1237 2935 1281 3016; x_wconf 92' lang='lat' dir='ltr'>de</span> <span class='ocrx_word' id='word_1_152' title='bbox 1309 2935 1376 3014; x_wconf 94' lang='lat' dir='ltr'>im-</span> 
     </span>
     <span class='ocr_line' id='line_1_22' title="bbox 212 3057 1374 3166; baseline -0.002 -26"><span class='ocrx_word' id='word_1_153' title='bbox 212 3059 372 3166; x_wconf 86' lang='lat' dir='ltr'>potentia</span> <span class='ocrx_word' id='word_1_154' title='bbox 400 3059 564 3156; x_wconf 92' lang='lat' dir='ltr'>coeundi,</span> <span class='ocrx_word' id='word_1_155' title='bbox 609 3059 665 3138; x_wconf 85' lang='lat' dir='ltr'>vel</span> <span class='ocrx_word' id='word_1_156' title='bbox 707 3058 752 3138; x_wconf 87' lang='lat' dir='ltr'>ad</span> <span class='ocrx_word' id='word_1_157' title='bbox 792 3057 1015 3164; x_wconf 90' lang='lat' dir='ltr'>probandum</span> <span class='ocrx_word' id='word_1_158' title='bbox 1061 3059 1156 3165; x_wconf 92' lang='lat' dir='ltr'>quod</span> <span class='ocrx_word' id='word_1_159' title='bbox 1194 3059 1374 3140; x_wconf 88' lang='lat' dir='ltr'>matrimo-</span> 
     </span>
     <span class='ocr_line' id='line_1_23' title="bbox 209 3183 1369 3266; baseline 0 -2"><span class='ocrx_word' id='word_1_160' title='bbox 209 3188 306 3266; x_wconf 89' lang='lat' dir='ltr'>nium</span> <span class='ocrx_word' id='word_1_161' title='bbox 348 3197 463 3264; x_wconf 91' lang='lat' dir='ltr'>ratum</span> <span class='ocrx_word' id='word_1_162' title='bbox 500 3209 572 3264; x_wconf 92' lang='lat' dir='ltr'>non</span> <span class='ocrx_word' id='word_1_163' title='bbox 608 3183 716 3262; x_wconf 88' lang='lat' dir='ltr'>luerit</span> <span class='ocrx_word' id='word_1_164' title='bbox 744 3195 1038 3262; x_wconf 89' lang='lat' dir='ltr'>consummatum.</span> <span class='ocrx_word' id='word_1_165' title='bbox 1076 3183 1369 3266; x_wconf 67' lang='lat' dir='ltr'>cabanariam</span> 
     </span>
     <span class='ocr_line' id='line_1_24' title="bbox 210 3307 1371 3416; baseline 0 -26"><span class='ocrx_word' id='word_1_166' title='bbox 210 3311 404 3416; x_wconf 90' lang='lat' dir='ltr'>peritorum</span> <span class='ocrx_word' id='word_1_167' title='bbox 441 3308 661 3414; x_wconf 86' lang='lat' dir='ltr'>inspectione</span> <span class='ocrx_word' id='word_1_168' title='bbox 699 3308 802 3414; x_wconf 88' lang='lat' dir='ltr'>plura</span> <span class='ocrx_word' id='word_1_169' title='bbox 835 3321 872 3387; x_wconf 88' lang='lat' dir='ltr'>et</span> <span class='ocrx_word' id='word_1_170' title='bbox 908 3321 1072 3391; x_wconf 86' lang='lat' dir='ltr'>accurate</span> <span class='ocrx_word' id='word_1_171' title='bbox 1105 3307 1149 3387; x_wconf 86' lang='lat' dir='ltr'>ad</span> <span class='ocrx_word' id='word_1_172' title='bbox 1182 3310 1371 3390; x_wconf 84' lang='lat' dir='ltr'>veritatem</span> 
     </span>
     <span class='ocr_line' id='line_1_25' title="bbox 212 3431 1370 3517; baseline -0.004 0"><span class='ocrx_word' id='word_1_173' title='bbox 212 3435 404 3517; x_wconf 88' lang='lat' dir='ltr'>eruendam</span> <span class='ocrx_word' id='word_1_174' title='bbox 433 3433 607 3514; x_wconf 87' lang='lat' dir='ltr'>servanda</span> <span class='ocrx_word' id='word_1_175' title='bbox 642 3432 789 3514; x_wconf 79' lang='lat' dir='ltr'>exbibet</span> <span class='ocrx_word' id='word_1_176' title='bbox 816 3431 908 3512; x_wconf 85' lang='lat' dir='ltr'>infra</span> <span class='ocrx_word' id='word_1_177' title='bbox 946 3433 1058 3512; x_wconf 88' lang='lat' dir='ltr'>relata</span> <span class='ocrx_word' id='word_1_178' title='bbox 1087 3436 1124 3511; x_wconf 92' lang='lat' dir='ltr'>S.</span> <span class='ocrx_word' id='word_1_179' title='bbox 1156 3437 1193 3512; x_wconf 86' lang='lat' dir='ltr'>C.</span> <span class='ocrx_word' id='word_1_180' title='bbox 1226 3434 1370 3514; x_wconf 82' lang='lat' dir='ltr'>Concilii</span> 
     </span>
    </p>
   </div>
   <div class='ocr_carea' id='block_1_4' title="bbox 87 3556 1373 4164">
    <p class='ocr_par' dir='ltr' id='par_1_5' title="bbox 87 3556 1373 4042">
     <span class='ocr_line' id='line_1_26' title="bbox 210 3556 1372 3663; baseline -0.003 -21"><span class='ocrx_word' id='word_1_181' title='bbox 210 3562 403 3642; x_wconf 86' lang='lat' dir='ltr'>instructio</span> <span class='ocrx_word' id='word_1_182' title='bbox 431 3560 516 3638; x_wconf 86' lang='lat' dir='ltr'>anni</span> <span class='ocrx_word' id='word_1_183' title='bbox 547 3565 648 3640; x_wconf 79' lang='lat' dir='ltr'>isto</span> <span class='ocrx_word' id='word_1_184' title='bbox 677 3557 751 3663; x_wconf 70' lang='grc' dir='ltr'><strong>(Ξ).</strong></span> <span class='ocrx_word' id='word_1_185' title='bbox 783 3557 835 3636; x_wconf 80' lang='lat' dir='ltr'>nd</span> <span class='ocrx_word' id='word_1_186' title='bbox 863 3556 1029 3638; x_wconf 88' lang='lat' dir='ltr'>vitandas</span> <span class='ocrx_word' id='word_1_187' title='bbox 1057 3570 1176 3637; x_wconf 90' lang='lat' dir='ltr'>autem</span> <span class='ocrx_word' id='word_1_188' title='bbox 1200 3559 1372 3639; x_wconf 89' lang='lat' dir='ltr'>allucina-</span> 
     </span>
     <span class='ocr_line' id='line_1_27' title="bbox 212 3681 1373 3792; baseline -0.003 -26"><span class='ocrx_word' id='word_1_189' title='bbox 212 3688 342 3782; x_wconf 88' lang='lat' dir='ltr'>tiones,</span> <span class='ocrx_word' id='word_1_190' title='bbox 372 3707 457 3792; x_wconf 91' lang='lat' dir='ltr'>prae</span> <span class='ocrx_word' id='word_1_191' title='bbox 486 3683 597 3762; x_wconf 89' lang='lat' dir='ltr'>oculis</span> <span class='ocrx_word' id='word_1_192' title='bbox 625 3681 790 3762; x_wconf 87' lang='lat' dir='ltr'>habenda</span> <span class='ocrx_word' id='word_1_193' title='bbox 818 3695 902 3762; x_wconf 88' lang='lat' dir='ltr'>sunt</span> <span class='ocrx_word' id='word_1_194' title='bbox 929 3707 1022 3788; x_wconf 88' lang='lat' dir='ltr'>quae</span> <span class='ocrx_word' id='word_1_195' title='bbox 1041 3681 1085 3760; x_wconf 93' lang='lat' dir='ltr'>de</span> <span class='ocrx_word' id='word_1_196' title='bbox 1105 3683 1313 3788; x_wconf 86' lang='lat' dir='ltr'>impotentia</span> <span class='ocrx_word' id='word_1_197' title='bbox 1332 3710 1373 3764; x_wconf 90' lang='lat' dir='ltr'>ac</span> 
     </span>
     <span class='ocr_line' id='line_1_28' title="bbox 214 3808 1372 3918; baseline -0.001 -29"><span class='ocrx_word' id='word_1_198' title='bbox 214 3811 257 3891; x_wconf 88' lang='lat' dir='ltr'>de</span> <span class='ocrx_word' id='word_1_199' title='bbox 285 3812 432 3918; x_wconf 87' lang='lat' dir='ltr'>physica</span> <span class='ocrx_word' id='word_1_200' title='bbox 452 3808 656 3912; x_wconf 80' lang='lat' dir='ltr'>virginitate</span> <span class='ocrx_word' id='word_1_201' title='bbox 672 3810 746 3885; x_wconf 82' lang='lat' dir='ltr'>nb.</span> <span class='ocrx_word' id='word_1_202' title='bbox 768 3820 927 3904; x_wconf 83' lang='lat' dir='ltr'>monent,</span> <span class='ocrx_word' id='word_1_203' title='bbox 949 3833 1099 3913; x_wconf 90' lang='lat' dir='ltr'>quorum</span> <span class='ocrx_word' id='word_1_204' title='bbox 1119 3808 1266 3906; x_wconf 91' lang='lat' dir='ltr'>monita,</span> <span class='ocrx_word' id='word_1_205' title='bbox 1287 3813 1372 3904; x_wconf 88' lang='lat' dir='ltr'>Zac-</span> 
     </span>
     <span class='ocr_line' id='line_1_29' title="bbox 87 3931 1173 4042; baseline -0.001 -29"><span class='ocrx_word' id='word_1_206' title='bbox 87 3955 90 3963; x_wconf 56' lang='lat'>*</span> <span class='ocrx_word' id='word_1_207' title='bbox 213 3936 314 4016; x_wconf 87' lang='lat' dir='ltr'>chiac</span> <span class='ocrx_word' id='word_1_208' title='bbox 343 3933 567 4042; x_wconf 87' lang='lat' dir='ltr'>praesertim,</span> <span class='ocrx_word' id='word_1_209' title='bbox 599 3957 670 4012; x_wconf 90' lang='lat' dir='ltr'>non</span> <span class='ocrx_word' id='word_1_210' title='bbox 697 3957 811 4040; x_wconf 90' lang='lat' dir='ltr'>pauca</span> <span class='ocrx_word' id='word_1_211' title='bbox 839 3931 951 4012; x_wconf 92' lang='lat' dir='ltr'>babes</span> <span class='ocrx_word' id='word_1_212' title='bbox 979 3931 1070 4010; x_wconf 81' lang='lat' dir='ltr'>inira</span> <span class='ocrx_word' id='word_1_213' title='bbox 1099 3931 1173 4040; x_wconf 70' lang='lat'>(3).</span> 
     </span>
    </p>

    <p class='ocr_par' dir='ltr' id='par_1_6' title="bbox 290 4055 1368 4164">
     <span class='ocr_line' id='line_1_30' title="bbox 290 4055 1368 4164; baseline -0.001 -24"><span class='ocrx_word' id='word_1_214' title='bbox 290 4055 792 4164; x_wconf 73' lang='lat' dir='ltr'>22.Quictcmproboticcom</span> <span class='ocrx_word' id='word_1_215' title='bbox 802 4082 908 4162; x_wconf 76' lang='lat' dir='ltr'>penus</span> <span class='ocrx_word' id='word_1_216' title='bbox 919 4069 969 4136; x_wconf 86' lang='lat' dir='ltr'>est</span> <span class='ocrx_word' id='word_1_217' title='bbox 979 4055 1220 4138; x_wconf 80' lang='lat' dir='ltr'>iurisiurandi</span> <span class='ocrx_word' id='word_1_218' title='bbox 1229 4057 1368 4164; x_wconf 69' lang='lat' dir='ltr'>religio.</span> 
     </span>
    </p>
   </div>
   <div class='ocr_carea' id='block_1_5' title="bbox 213 4225 1368 4474">
    <p class='ocr_par' dir='ltr' id='par_1_7' title="bbox 213 4225 1368 4474">
     <span class='ocr_line' id='line_1_31' title="bbox 281 4225 1368 4301; baseline 0.004 -19"><span class='ocrx_word' id='word_1_219' title='bbox 281 4225 319 4298; x_wconf 83' lang='grc'>(1)</span> <span class='ocrx_word' id='word_1_220' title='bbox 339 4225 387 4283; x_wconf 87' lang='lat' dir='ltr'>cir</span> <span class='ocrx_word' id='word_1_221' title='bbox 401 4227 555 4296; x_wconf 79' lang='lat' dir='ltr'>nteceptct.</span> <span class='ocrx_word' id='word_1_222' title='bbox 576 4231 717 4299; x_wconf 78' lang='lat' dir='ltr'>quartem</span> <span class='ocrx_word' id='word_1_223' title='bbox 735 4225 821 4293; x_wconf 85' lang='lat' dir='ltr'>inira,</span> <span class='ocrx_word' id='word_1_224' title='bbox 836 4241 873 4284; x_wconf 85' lang='lat' dir='ltr'>ex</span> <span class='ocrx_word' id='word_1_225' title='bbox 885 4241 941 4298; x_wconf 87' lang='lat' dir='ltr'>qna</span> <span class='ocrx_word' id='word_1_226' title='bbox 955 4225 1096 4285; x_wconf 88' lang='lat' dir='ltr'>eiusmodi</span> <span class='ocrx_word' id='word_1_227' title='bbox 1116 4229 1368 4301; x_wconf 85' lang='lat' dir='ltr'>investigationum</span> 
     </span>
     <span class='ocr_line' id='line_1_32' title="bbox 213 4314 517 4372; baseline -0.01 0"><span class='ocrx_word' id='word_1_228' title='bbox 213 4317 366 4372; x_wconf 81' lang='lat' dir='ltr'>necessitas</span> <span class='ocrx_word' id='word_1_229' title='bbox 385 4314 517 4371; x_wconf 87' lang='lat' dir='ltr'>elucebit.</span> 
     </span>
     <span class='ocr_line' id='line_1_33' title="bbox 282 4399 578 4474; baseline -0.007 -15"><span class='ocrx_word' id='word_1_230' title='bbox 282 4401 321 4474; x_wconf 72' lang='lat' dir='ltr'>(i)</span> <span class='ocrx_word' id='word_1_231' title='bbox 341 4405 373 4458; x_wconf 91' lang='lat' dir='ltr'>ln</span> <span class='ocrx_word' id='word_1_232' title='bbox 392 4399 521 4474; x_wconf 70' lang='lat' dir='ltr'>append.</span> <span class='ocrx_word' id='word_1_233' title='bbox 542 4406 578 4459; x_wconf 75' lang='lat'>2¹.</span> 
     </span>
    </p>
   </div>
   <div class='ocr_carea' id='block_1_6' title="bbox 286 4489 1005 4567">
    <p class='ocr_par' dir='ltr' id='par_1_8' title="bbox 286 4489 1005 4567">
     <span class='ocr_line' id='line_1_34' title="bbox 286 4489 1005 4567; baseline 0.003 -19"><span class='ocrx_word' id='word_1_234' title='bbox 286 4489 320 4564; x_wconf 76' lang='lat'>(3)</span> <span class='ocrx_word' id='word_1_235' title='bbox 340 4493 374 4549; x_wconf 94' lang='lat' dir='ltr'>ln</span> <span class='ocrx_word' id='word_1_236' title='bbox 393 4491 603 4565; x_wconf 65' lang='lat' dir='ltr'>deceptatione</span> <span class='ocrx_word' id='word_1_237' title='bbox 619 4493 670 4562; x_wconf 91' lang='lat'>111,</span> <span class='ocrx_word' id='word_1_238' title='bbox 692 4500 720 4552; x_wconf 86' lang='lat' dir='ltr'>et</span> <span class='ocrx_word' id='word_1_239' title='bbox 737 4492 768 4552; x_wconf 90' lang='lat' dir='ltr'>in</span> <span class='ocrx_word' id='word_1_240' title='bbox 782 4491 1005 4567; x_wconf 76' lang='lat' dir='ltr'>appendicibus.</span> 
     </span>
    </p>
   </div>
   <div class='ocr_carea' id='block_1_7' title="bbox 0 0 1709 5302">
    <p class='ocr_par' dir='ltr' id='par_1_9' title="bbox 0 0 1709 5302">
     <span class='ocr_line' id='line_1_35' title="bbox 0 0 1709 5302; baseline 0 0"><span class='ocrx_word' id='word_1_241' title='bbox 0 0 1709 5302; x_wconf 95' lang='lat' dir='ltr'> </span> 
     </span>
    </p>
   </div>
  </div>
 </body>
</html>
