3406 5302
675 522 708 532 —
731 487 790 550 239
810 519 847 534 -
928 500 930 515 “
1014 550 1023 568 ,

183 613 249 690 tire
278 609 393 690 valide
421 635 492 690 non
520 613 630 718 possit
658 613 696 691 in
723 614 1000 709 matrimonium,
1031 613 1116 718 quia
1144 613 1338 693 absurdum

182 747 237 814 est
276 759 380 840 posse
422 761 631 816 consensum
672 737 846 844 praestari
887 737 997 815 adid
1037 741 1132 842 quod
1174 737 1243 817 sibi
1285 751 1340 818 est

183 859 414 964 impossibile,
445 875 562 940 stante
600 861 842 966 impedimenti
879 863 1122 958 conscientia,
1163 863 1246 942 licet
1284 889 1340 942 er-

184 1009 304 1063 ronea.
335 969 427 1088 Ergo
455 1013 475 1064 a
503 985 637 1065 lortiori
665 987 757 1066 serio
784 1002 965 1092 praestare
992 1013 1064 1066 non
1082 1001 1198 1092 potest
1217 1013 1339 1066 verum

185 1133 394 1188 consensum
423 1109 454 1188 is
480 1111 542 1214 qni
571 1111 812 1216 impedimenti
832 1111 1031 1191 dirimentis
1050 1111 1193 1191 realiter
1212 1127 1340 1191 extan-

184 1233 230 1311 tis
258 1233 420 1312 conscius
447 1247 516 1328 est,
546 1259 617 1339 quo
645 1236 683 1313 in
713 1260 798 1314 casu
826 1238 907 1314 Gaia
935 1233 1045 1314 luisse
1073 1235 1228 1315 videtur.

176 1433 181 1444 ,
265 1365 326 1436 18.
358 1361 519 1436 Ceterum
547 1373 584 1438 et
610 1361 686 1464 ipse
722 1383 873 1466 sponsus
902 1384 942 1438 ac
969 1372 1079 1440 testes
1116 1359 1183 1438 sub
1215 1361 1338 1440 eadem

183 1482 371 1560 iuramenti
400 1481 568 1584 religione
583 1481 779 1588 deponunt,
802 1481 932 1562 nedum
948 1507 1018 1561 uon
1036 1481 1215 1562 audiuisse
1233 1483 1340 1562 verbu

184 1605 270 1700 ulla,
302 1605 364 1686 sed
392 1631 452 1685 noc
480 1608 582 1711 sipon
609 1607 728 1711 aliqua
761 1621 907 1686 externa
944 1632 1138 1687 consensus
1166 1633 1209 1688 er
1237 1623 1339 1714 parte

183 1733 285 1810 Gaiae
309 1735 516 1838 percepisse.
548 1735 663 1812 Titius
689 1734 784 1811 enirn
816 1745 989 1813 testator:
1023 1735 1103 1810 «lo
1131 1733 1258 1838 risposi
1287 1733 1340 1811 al-

186 1855 529 1936 ‹lermativamonte
556 1857 725 1963 (porculo
751 1857 989 1963 interroganti
1007 1857 1049 1936 dc
1067 1858 1264 1962 consensu).
1288 1862 1341 1936 Fu

185 1977 316 2059 «latta
344 1981 456 2060 simile
484 1980 659 2060 domanda
687 2009 707 2059 a
736 1984 832 2078 Gaia,
862 2007 919 2059 ma
939 1982 972 2060 io
987 2005 1058 2060 non
1086 1980 1161 2060 udii
1180 1983 1245 2060 cbe
1273 1981 1340 2060 ella

187 2135 205 2176 ‹
229 2103 452 2210 risponde'sse
480 2103 607 2183 alcuna
636 2106 770 2210 parola.
793 2109 900 2184 Forse
921 2111 1004 2184 asra
1024 2105 1167 2184 chinato
1187 2105 1211 2183 il
1231 2131 1337 2212 eapo;

187 2261 204 2302 ι
227 2255 282 2308 ma
311 2230 345 2308 io
371 2256 443 2310 non
471 2229 544 2309 vidi
572 2230 783 2336 (rotandum
812 2230 867 2309 bic
890 2231 1106 2310 sinceritatis
1133 2229 1337 2335 iodicium).

186 2353 258 2432 «ll
291 2379 438 2459 parrooo
470 2362 555 2459 pero
592 2380 697 2434 senza
730 2355 882 2460 ripetere
911 2355 945 2433 la
973 2353 1163 2451 domanda,
1204 2355 1342 2459 seguitb

187 2477 261 2554 ‹la
289 2479 520 2558 cerimonia>
550 2481 684 2586 (lotor.
717 2479 778 2560 lol.
811 2483 936 2559 nult.
966 2478 1011 2557 ad
1044 2479 1122 2583 12).
1153 2481 1197 2557 Et
1225 2491 1343 2558 tractu

184 2607 351 2707 temporis
378 2629 484 2710 saepe
512 2631 532 2682 a
561 2605 642 2682 Gaia
671 2603 803 2684 dicturo
831 2602 955 2699 luisse,
978 2629 1016 2684 se
1034 2628 1219 2709 nunquam
1247 2602 1344 2682 affir-

184 2729 314 2806 mative
342 2728 567 2834 respondisse
595 2730 748 2835 parocbo
776 2730 1013 2832 interroganti
1042 2728 1134 2808 idem
1159 2729 1271 2807 Titius
1290 2739 1345 2806 te-

184 2866 300 2932 statur
328 2853 469 2960 (ibid).
491 2899 514 2914 -
535 2853 720 2934 Praelatus
748 2868 867 2933 autem
895 2853 1040 2932 licilius
1064 2853 1211 2931 firmiter
1237 2851 1345 2957 depo·

185 2979 251 3072 nit,
282 3003 320 3056 se
349 2978 554 3058 nullatenus
581 2981 781 3084 percepisse
801 3005 867 3057 nec
885 2977 979 3084 qnod
1000 2979 1176 3083 parochus
1195 3002 1345 3084 percon-

185 3113 282 3182 tatus
309 3103 417 3183 luerit
444 3127 592 3208 sponsos
620 3102 664 3181 de
683 3115 807 3182 mutuo
826 3127 1001 3182 consensu
1024 3101 1254 3208 praestando,
1278 3127 1344 3182 neo

185 3226 279 3332 quod
298 3227 336 3306 bi
356 3227 462 3308 talem
481 3252 692 3306 eonsensum
712 3227 959 3332 praestiterint
978 3227 1052 3332 (Cir
1067 3233 1184 3308 lotor.
1207 3227 1339 3308 16131.

186 3355 232 3428 R.
265 3349 309 3428 ad
339 3359 376 3430 6.
408 3351 488 3430 6611.
520 3375 598 3430 eum
627 3355 674 3429 R.
707 3350 752 3428 ad
781 3360 818 3429 2.
850 3350 925 3430 loll.
950 3352 1109 3458 stt-30).
1133 3351 1343 3430 -Similiter

158 3487 220 3554 ‚et
247 3475 340 3554 alins
366 3477 470 3554 testis
506 3474 711 3580 Propertius
749 3473 837 3552 levir
864 3475 980 3570 Celae,
1021 3479 1084 3581 qni
1114 3477 1150 3554 in
1188 3474 1344 3554 Ecclesia

188 3599 385 3680 voluntarie
413 3597 537 3678 aderat
564 3598 649 3677 dnm
664 3599 927 3678 matrimonium
942 3599 1203 3695 celebrabatur,
1226 3598 1345 3679 decla·

187 3738 255 3819 rat,
286 3749 324 3804 se
351 3749 423 3824 non
450 3723 645 3802 attendisse
670 3721 715 3800 ad
730 3723 1039 3826 interrogationes,
1062 3749 1127 3804 nec
1136 3725 1344 3834 percepisse

186 3873 231 3926 an
259 3863 296 3928 61
322 3846 499 3954 ipnomodo
527 3845 774 3953 responderint
803 3847 923 3952 sponsi
939 3850 976 3926 in
995 3861 1077 3928 actu
1097 3847 1345 3929 celebrationis

189 3973 401 4052 matrimonii
429 3973 566 4080 (Actor.
598 3971 658 4050 lol.
692 3975 775 4076 11).

267 4106 329 4177 19.
360 4101 437 4177 lam
463 4123 546 4178 vero
573 4096 749 4203 parochus
777 4109 813 4174 et
841 4093 911 4174 dno
930 4094 1055 4174 saltem
1075 4107 1184 4177 testes
1212 4096 1344 4178 debent

187 4223 410 4302 matrimonio
438 4223 611 4302 interesse
648 4245 719 4300 non
751 4233 890 4299 tantum
915 4219 1056 4324 pbpsice
1093 4247 1156 4326 seu
1183 4247 1343 4329 corpore,

187 4347 247 4428 sed
277 4349 378 4458 modo
405 4350 560 4429 humano
592 4373 655 4428 sen
692 4344 892 4432 moraliter,
931 4344 1022 4424 idest
1057 4347 1177 4426 auimo
1204 4362 1240 4427 et
1267 4371 1346 4430 oum

188 4473 424 4563 ndoerteutio,
454 4477 504 4555 ita
531 4489 572 4555 ut
599 4472 801 4576 intelligant
837 4469 924 4577 quid
962 4487 1102 4576 agatur.
1143 4477 1221 4554 Non
1253 4479 1347 4558 enim
