3456 5300
814 528 852 541 ..
873 495 913 558 54
935 528 971 541 -

399 626 460 694 ll.
494 619 777 698 Controvertitur
814 633 934 698 autem
975 634 1094 699 utrum
1136 619 1400 700 matrimonium
1440 622 1479 698 in

313 741 437 847 primo
455 741 641 846 affinitatis
670 744 787 848 prode
815 745 931 824 lineae
959 757 1089 832 rectae,
1119 769 1245 850 nempe
1264 747 1358 824 inter
1376 744 1485 824 vitri·

314 891 394 946 cum
424 881 459 946 et
488 867 702 972 privignam,
735 894 921 948 novercam
950 883 985 948 et
1012 869 1228 976 privignum,
1261 894 1421 950 socerum
1440 881 1476 946 et

315 1017 458 1086 nurum,
490 1017 630 1070 socrum
659 1004 694 1070 et
723 1017 892 1096 generum
911 995 957 1072 sit
978 993 1055 1072 lure
1074 1005 1227 1072 cataroe
1245 993 1400 1087 irritum,
1428 1017 1474 1070 an

315 1140 398 1192 vero
426 1113 498 1192 solo
527 1114 702 1194 Ecclesiae
730 1115 820 1196 lore.
852 1117 977 1196 Plures
1005 1145 1047 1196 ac
1080 1119 1198 1220 magni
1234 1116 1379 1222 quidem
1414 1141 1482 1194 no-

315 1238 421 1316 minis
451 1251 527 1318 tum
556 1239 710 1342 theologi
741 1253 816 1318 tum
844 1242 1039 1347 iurisperiti
1067 1241 1261 1319 universim
1282 1253 1473 1344 negarunt,

316 1361 490 1441 eiusmodi
518 1363 742 1442 matrimonia
771 1391 851 1442 curn
879 1365 994 1470 primo
1021 1365 1207 1445 affinitatis
1228 1364 1339 1468 gradu
1360 1365 1476 1444 lineae

316 1499 434 1565 rectae
462 1487 566 1584 inita,
599 1489 674 1566 iure
704 1503 854 1567 naturae
883 1515 961 1568 esse
990 1491 1090 1569 irrita
1120 1490 1199 1595 (l);
1222 1504 1259 1568 et
1279 1490 1372 1568 hanc
1396 1515 1479 1567 sen-

315 1613 465 1690 tentiam
495 1610 767 1718 probabiliorem
797 1611 882 1692 dicit
925 1613 1239 1718 Schmalzgrueher
1268 1614 1341 1718 (ἓ).
1383 1615 1480 1690 Haec

314 1736 409 1814 enim
438 1736 594 1814 affinitas
622 1761 692 1816 non
722 1735 860 1816 inducit
887 1761 943 1832 ea,
975 1751 1120 1844 propter
1148 1763 1239 1842 quae
1279 1737 1367 1816 alias
1403 1763 1482 1814 rna-

316 1861 521 1940 trimonium
550 1865 627 1940 iure
657 1875 807 1942 naturae
838 1863 976 1942 irritum
1005 1877 1073 1959 est,
1104 1878 1140 1943 et
1168 1863 1214 1942 ah
1243 1871 1395 1944 Auctore
1413 1889 1484 1942 na-

317 2000 420 2066 turae
450 1987 605 2065 humano
635 2013 706 2065 non
735 2013 939 2068 concessum
969 1996 1088 2092 generi
1109 2002 1275 2069 censetur
1295 1989 1369 2096 (3).

399 2121 463 2190 la.
486 2111 579 2190 Hinc
598 2113 800 2217 quaesitum
821 2111 888 2190 luit
907 2139 954 2190 an
972 2115 1009 2190 in
1028 2114 1141 2218 primo
1160 2114 1346 2192 affinitatis
1366 2112 1479 2217 gradu

317 2237 433 2315 lineae
462 2248 580 2314 rectae
609 2261 768 2314 summus
805 2233 967 2314 Pontifex
1011 2233 1218 2340 dispensare
1260 2235 1372 2342 possit
1414 2261 1477 2340 pro

319 2360 456 2465 nuptiis
485 2358 753 2438 contrahendis.
773 2363 856 2438 -Et
885 2361 1026 2465 patroni
1054 2357 1151 2436 illius
1166 2361 1364 2437 sententiae
1384 2383 1480 2463 quae

318 2485 433 2580 docet,
466 2483 640 2564 eiusmodi
669 2486 814 2590 nuptias
842 2481 1042 2588 prohibitas
1070 2509 1147 2562 esse
1175 2484 1288 2562 videri
1316 2484 1360 2562 de
1398 2485 1475 2560 iure

318 2622 483 2704 naturae,
515 2607 723 2714 dispensare
766 2633 836 2685 non
872 2632 976 2712 posse
1018 2619 1225 2686 tenuerunt.
1273 2608 1477 2687 Contrariae

319 2759 402 2811 vero
431 2733 632 2811 sententiae
659 2735 840 2825 Doctores,
871 2729 1036 2836 pluribus
1078 2731 1197 2810 allatis
1240 2731 1482 2834 gravibusque

319 2855 548 2950 rationibus,
580 2853 805 2948 docuerunt,
845 2879 1029 2933 romanum
1069 2853 1275 2932 Pontificem
1317 2853 1478 2960 plenaria

319 2979 453 3086 pollere
482 2977 711 3086 dispensandi
741 2989 917 3084 potestate
946 2977 982 3056 in
1010 2977 1124 3084 primo
1144 2977 1329 3056 affinitatis
1363 2975 1478 3055 lineae

317 3119 434 3183 rectae
465 3101 600 3208 gradu:
632 3127 740 3207 quam
765 3101 981 3182 'sententiam
1009 3102 1182 3206 perierem
1210 3127 1287 3180 esse
1307 3101 1395 3180 dicit
1414 3101 1482 3178 ni-

318 3229 461 3330 gantius
490 3227 563 3332 (l).
596 3227 637 3306 ld
667 3241 786 3305 autem
815 3225 948 3330 colligit
989 3240 1064 3305 tum
1106 3253 1148 3304 er
1191 3226 1344 3304 Concilio
1387 3231 1482 3329 lga-

317 3352 451 3446 thensi,
483 3351 578 3456 quod
608 3349 791 3429 toleranda
820 3352 959 3430 censuit
987 3364 1023 3428 et
1051 3375 1121 3428 non
1151 3347 1378 3428 dissolvenda
1396 3374 1482 3427 con-

312 3625 340 3674 et
359 3617 395 3674 lta
415 3618 451 3674 ab
470 3615 595 3672 Ecclesia
616 3613 801 3672 iudicandum
816 3614 1064 3672 aedeolarandum
1083 3629 1145 3672 esse
1164 3615 1319 3672 contendit.
1335 3618 1393 3670 -nt
1413 3626 1480 3670 sero

313 3705 443 3763 Clemens
462 3707 513 3760 vll
533 3703 673 3760 consultis
693 3703 849 3761 haedere
868 3704 1063 3762 celeberrimis
1083 3703 1213 3762 catholici
1236 3703 1319 3760 Orbis
1337 3701 1480 3760 universi·

309 3793 428 3861 tatibus,
449 3799 477 3850 et
495 3792 710 3849 accuratissima
730 3793 858 3850 adhibita
878 3793 1093 3860 deliberatione,
1113 3794 1277 3865 apostolicis
1304 3795 1405 3851 littoris
1433 3793 1480 3849 de-

312 3881 432 3938 clararit
449 3880 575 3940 validam
596 3887 624 3936 et
643 3879 799 3952 legitimam
819 3881 908 3938 luisse
927 3881 1182 3954 dispensationem,
1215 3891 1242 3940 et
1273 3889 1480 3955 consequenter

311 3972 442 4029 validum
462 3985 494 4026 ae
513 3971 630 4026 llrmum
650 3969 739 4026 luisse
757 3970 935 4042 coniugium,
955 3970 1033 4042 quod
1063 3973 1207 4030 llenrlous
1226 3987 1292 4030 cum
1318 3972 1479 4038 catharina,

313 4069 408 4118 amoto
427 4059 594 4117 auctoritate
612 4059 767 4130 apostolica
787 4059 934 4116 affinitatis
953 4057 1168 4132 impedimento,
1190 4061 1243 4118 rite
1262 4061 1374 4120 inierat.

385 4149 420 4222 [ll
434 4152 514 4206 Hanc
523 4155 621 4207 tenent
631 4149 801 4206 sententiam
814 4151 845 4204 Ι).
858 4149 989 4218 Thomas,
1005 4149 1479 4223 calet..sancu.‚uenriq.‚1²ont‚

313 4238 434 4305 Rebell„
449 4241 576 4310 Castrop.
593 4243 646 4294 etc.
660 4237 767 4294 citatio
783 4239 923 4295 Leurenio
943 4237 995 4296 ltb.
1017 4244 1042 4293 l.
1063 4237 1110 4297 tit.
1134 4243 1176 4295 ll.
1197 4247 1310 4312 quaest.
1331 4245 1392 4300 251.
1410 4243 1478 4296 ml.

385 4327 421 4401 (a)
440 4327 488 4385 Clr
507 4327 681 4398 schmalzgr.
703 4325 755 4383 lib.
776 4332 801 4382 l.
823 4327 870 4384 tit.
893 4332 936 4383 ll.
956 4343 987 4386 o.
1010 4332 1070 4386 lot.

385 4413 420 4486 (3)
440 4417 479 4471 lta
500 4417 626 4486 Castrop.
648 4415 752 4472 citatus
771 4429 787 4470 a
807 4415 947 4473 Laurento
968 4415 987 4472 l.
1008 4431 1032 4471 c.

387 4503 423 4575 ll)
444 4503 554 4575 Rigont.
574 4503 728 4574 adrepet.
751 4508 784 4559 49
804 4503 963 4560 conallus.
984 4511 1077 4576 apost.
1098 4521 1130 4562 a.
1149 4509 1184 4562 20
1203 4513 1230 4562 et
1249 4519 1327 4576 seqq.
