3406 5302
851 469 888 484 ..
915 437 974 504 234
994 471 1031 488 -

377 595 394 636 «
417 587 461 643 ex
481 563 621 646 delectu
641 562 894 645 iurisdictionis
909 568 947 644 in
960 564 1114 672 parocho
1141 565 1330 646 assistente
1349 596 1366 640 »
1388 567 1524 672 (Actor.

374 688 434 768 tol.
468 699 531 785 52,
562 689 674 793 llleg.
706 690 788 793 CC).

458 821 518 892 12.
550 812 602 891 ab
631 813 699 893 hac
726 814 918 910 sententia,
949 825 1070 893 contra
1098 813 1313 892 matrimonii
1332 813 1527 918 supradicti

375 937 577 1016 firmitatem
605 937 692 1032 lata,
709 937 906 1018 validitatis
920 937 1133 1018 matrimonii
1153 963 1196 1017 er
1216 937 1329 1018 officio
1348 937 1526 1034 defensor,

377 1058 421 1139 ad
449 1060 609 1140 tramites
637 1061 698 1142 cit.
731 1066 851 1142 Coust.
883 1062 948 1142 Dei
978 1061 1203 1141 miseratione
1233 1065 1272 1163 ἓ.
1305 1070 1343 1156 8,
1374 1062 1441 1142 rite
1469 1087 1532 1168 ap-

376 1185 521 1290 pellavit
549 1185 594 1264 ad
622 1211 652 1264 a.
688 1187 915 1292 apostolicam
943 1187 1066 1267 Sedem
1095 1211 1158 1266 seu
1195 1187 1239 1264 ad
1268 1190 1313 1264 Η.
1346 1190 1383 1264 S.
1415 1189 1472 1282 C.,
1494 1198 1548 1264 et.

376 1309 508 1390 institit
536 1323 577 1390 ut
604 1309 662 1389 hic
689 1325 789 1392 actus
817 1311 862 1390 ad
889 1311 1060 1405 eamdem,
1092 1336 1163 1389 una
1190 1337 1270 1391 cum
1297 1310 1531 1391 conclusioni-

379 1433 446 1512 bus
474 1434 542 1513 iam
571 1435 608 1512 in
627 1460 734 1514 causa
750 1437 884 1532 relatis,
906 1438 1222 1532 transmitteretur,
1244 1436 1432 1538 coniugum
1450 1460 1531 1541 pro-

379 1571 541 1638 curatore
568 1574 675 1665 prout
702 1559 745 1639 de
773 1561 849 1640 iure
876 1559 1038 1640 intimato
1071 1561 1204 1662 (letor.
1237 1559 1311 1638 loll.
1336 1568 1383 1640 52
1403 1603 1428 1620 ··
1448 1559 1527 1660 55).

464 1692 525 1762 13.
556 1687 653 1774 Quae
680 1710 759 1764 cum
787 1685 823 1764 in
852 1684 944 1766 lacto
972 1686 1022 1765 ita
1050 1688 1136 1780 sint,
1167 1683 1417 1790 inquirendum
1438 1707 1531 1762 nunc

380 1820 434 1888 est
462 1808 546 1915 quid
577 1810 664 1890 iuris
693 1811 730 1890 in
757 1835 856 1891 casu.
888 1815 973 1891 Cum
1001 1811 1122 1916 itaque
1149 1810 1195 1890 ab
1222 1815 1268 1888 H.
1286 1813 1323 1888 S.
1347 1813 1389 1888 0.
1413 1809 1534 1888 decer·

382 1934 536 2015 nendum
564 1939 612 2014 sit
639 1961 684 2014 an
711 1936 1083 2040 praedictasenteutia
1103 1935 1147 2015 ab
1167 1935 1356 2042 episcopali
1375 1934 1479 2014 Curia
1498 1938 1532 2012 in
1586 1986 1589 1994 -
1699 2039 1700 2046 Ν

380 2058 494 2164 primo
521 2060 776 2142 iurisdictionis
805 2061 915 2166 gradu
943 2063 1099 2169 prolata,
1130 2057 1369 2140 confirmanda
1397 2060 1453 2138 uel
1481 2061 1536 2138 in-

383 2179 554 2262 firmanda
590 2186 651 2279 sit,
683 2197 790 2290 atque
822 2185 873 2264 ita
905 2185 1015 2264 altera
1052 2183 1239 2264 conlormis
1274 2183 1330 2262 vel
1366 2181 1535 2262 difformis

384 2319 572 2385 enascatur
598 2309 789 2404 sententia,
820 2322 856 2388 et
883 2309 1050 2413 coniuges
1077 2309 1166 2388 scire
1194 2307 1336 2386 valeant
1359 2332 1405 2384 an
1432 2306 1480 2385 sit
1499 2306 1535 2384 in

385 2453 505 2507 eorum
533 2444 709 2535 potestate
737 2431 781 2510 ad
809 2433 879 2511 alia
906 2446 987 2512 vota
1013 2433 1188 2537 migrandi
1216 2433 1316 2512 iuxta
1343 2433 1480 2512 sancita
1499 2435 1533 2512 in

386 2551 446 2630 cit.
477 2553 708 2637 Benedictina
750 2560 869 2637 donst.
901 2560 939 2658 ἓ.
975 2567 1036 2653 11,
1068 2557 1174 2636 adid
1209 2581 1350 2636 necesse
1379 2581 1456 2636 esse
1484 2557 1537 2634 vi-

258 2749 261 2758 .
385 2675 504 2774 detur,
535 2692 576 2758 ut
604 2679 691 2758 illud
719 2682 755 2758 in
788 2679 991 2761 huiusmodi
1022 2683 1139 2762 causis
1174 2683 1312 2776 tritum,
1348 2693 1385 2762 et
1416 2703 1535 2760 sacrae

387 2799 470 2882 huic
498 2804 765 2908 congregationi
792 2803 981 2884 admodum
1008 2783 1187 2886 familiare¹
1208 2805 1366 2884 diluatur

877 3019 1053 3098 DUBlUlli

412 3221 419 3236 ’
505 3231 559 3306 Ao
586 3239 715 3308 constet
742 3229 783 3308 de
811 3228 975 3308 nullitate
1002 3230 1223 3310 matrimonii
1250 3231 1288 3308 iu
1315 3231 1428 3307 cocu?

931 3449 996 3506 SEU

467 3592 523 3666 Au
549 3584 792 3691 confirmando
818 3584 873 3665 ool
899 3585 1118 3692 infirmando
1145 3589 1192 3668 sit
1220 3586 1391 3666 surrectio
1413 3587 1541 3665 Curiae

391 3709 595 3818 episcopalis
623 3713 662 3790 ic
689 3714 801 3790 cocu?

474 3933 535 4004 tt.
566 3926 658 4006 Huic
684 3926 853 4006 diluendo
880 3926 988 4007 dubio
1007 3928 1157 4004 maxime
1176 3923 1333 4006 conferre
1353 3923 1495 4004 videtur
1514 3925 1545 4002 si

391 4048 478 4127 haec
506 4049 575 4128 tria
602 4049 840 4131 discutiantur
859 4077 899 4129 ac
918 4051 1129 4130 dirimantur
1142 4051 1390 4155 quaestionum
1409 4046 1542 4152 capita,

391 4197 483 4279 quae
511 4174 742 4257 ab.actorum
770 4175 964 4282 visceribus
982 4173 1206 4269 exoriuntur,
1227 4197 1390 4280 quaeque
1414 4173 1547 4252 idcirco

392 4295 756 4380 Eminentissimorum
784 4305 928 4379 Patrum
955 4300 1150 4405 sapientiae
1170 4299 1362 4380 humillime
1376 4297 1543 4394 subiicio,

394 4421 545 4504 seilicet:
