3424 5300
679 433 853 496 -ttt-

181 556 310 660 prioris
330 553 483 633 loederis
503 553 686 633 vinoulum
706 569 879 660 perpetuo
897 555 1071 634 solvatur.
1094 557 1212 632 -Non
1232 567 1351 634 tamen

181 679 314 786 poterit
343 679 416 758 hoo
437 681 489 757 uti
517 678 704 786 privilegio
733 693 848 758 tractu
878 682 1048 786 temporis
1074 677 1288 784 fidelis,qui
1305 677 1353 756 ab

183 803 375 908 apostoliea
405 803 495 882 Sede
533 803 798 910 dispensatione
834 804 981 884 obtenta
1019 805 1065 884 ab
1099 803 1352 908 impedimento

182 924 403 1029 disparitatis
424 925 556 1020 cultus,
579 925 842 1004 matrimonium
862 925 984 1004 inierit
1003 949 1082 1003 oum
1101 923 1251 1002 infideli.
1275 927 1351 1003 Hoe

184 1049 277 1126 enim
307 1048 508 1152 coniugium
539 1047 785 1130 indissolubile
814 1049 981 1152 eritque
1010 1047 1055 1128 ad
1088 1049 1284 1143 vinoulum,
1315 1061 1354 1126 et

182 1171 295 1250 solum
323 1172 455 1276 poterit
483 1170 676 1276 aliquando
703 1196 775 1277 quo
804 1171 848 1250 ad
878 1185 994 1251 torum
1027 1172 1188 1268 dissolvi,
1220 1172 1251 1250 si
1280 1173 1351 1250 soi·

181 1295 264 1374 lioet
301 1297 492 1375 canonicae
526 1287 678 1400 urgeant
715 1321 843 1375 oausae
877 1296 922 1374 ab
959 1297 1077 1376 iudioe
1109 1297 1348 1376 ecelesiastioo

152 1419 442 1526 agnoscendae.
459 1463 485 1479 -
505 1424 632 1524 ltaque
660 1420 698 1497 in
725 1420 899 1498 eiusmodi
927 1420 1070 1499 oasibus
1086 1421 1173 1500 haeo
1203 1445 1354 1524 genera·

183 1543 245 1622 tim
274 1569 360 1650 prae
388 1544 500 1622 ooulis
528 1544 693 1624 habenda
722 1559 776 1624 est
804 1545 950 1647 regula:
980 1577 998 1618 a
1023 1548 1058 1624 Si
1077 1547 1238 1648 ooniugis
1267 1570 1353 1624 oon·

181 1667 297 1744 versio
311 1667 543 1772 praecesserit
563 1669 825 1748 matrimonium
844 1681 923 1747 oum
943 1669 1092 1763 infideli,
1113 1671 1259 1774 praevia
1278 1670 1354 1748 dis-

181 1792 391 1895 pensatione
419 1791 611 1896 apostoliea
640 1791 783 1886 initum,
806 1793 903 1872 nullo
931 1792 1034 1875 modo
1063 1792 1178 1872 [idelis
1198 1793 1259 1872 illo
1279 1792 1348 1871 lrui

181 1920 314 2024 poterit
341 1918 525 2024 privilegio
554 1918 591 1996 in
619 1916 773 1996 latorem
801 1917 884 1996 fidei
903 1943 1090 2014 eoncess03
1114 1918 1144 1995 si
1172 1941 1256 1998 vero
1274 1943 1355 1996 ma·

182 2043 388 2122 trimonium
416 2043 651 2148 praecesserit
669 2045 948 2137 conversionem,
973 2056 1059 2122 tuno
1076 2067 1160 2148 pars
1180 2068 1351 2123 conversa

182 2193 223 2248 eo
252 2171 306 2248 uti
334 2171 466 2273 poterit
484 2166 670 2274 privilegio
689 2166 840 2245 serratis
860 2165 904 2245 de
923 2168 1000 2246 iure
1021 2167 1205 2246 servandis
1230 2197 1248 2241 »
1273 2167 1288 2272 (
1318 2169 1350 2272 ).

264 2305 328 2374 27.
361 2299 484 2398 Neque
514 2293 566 2371 uti
586 2291 716 2397 poterit
736 2291 909 2370 eiusmodi
929 2293 1114 2397 privilegio
1142 2293 1179 2370 in
1194 2291 1350 2371 favorem

183 2419 266 2498 [idei
294 2443 461 2498 oonoesso
489 2417 618 2496 ooniux
648 2415 776 2510 lidelis,
808 2417 838 2494 si
867 2416 977 2495 altera
1011 2441 1095 2521 pars
1122 2416 1207 2496 item
1236 2415 1352 2494 tidelis

184 2543 328 2622 labatur
356 2543 394 2620 in
422 2541 612 2636 haeresim,
644 2552 708 2619 aut
736 2552 896 2618 transeat
915 2538 960 2617 ad
981 2539 1167 2642 gentilium
1195 2563 1350 2632 errores,

183 2670 345 2772 quamvis
374 2665 463 2744 alias
491 2666 557 2744 hoo
577 2667 614 2743 in
629 2689 713 2742 oasu
732 2663 844 2741 maior
863 2663 977 2741 videri
996 2675 1117 2767 posset
1136 2662 1352 2742 contumelia

185 2791 374 2870 creatoris.
408 2789 464 2868 Sio
492 2788 585 2866 enim
614 2811 781 2891 expresse
809 2785 979 2865 definitur
999 2785 1036 2863 in
1055 2785 1224 2864 daoretali
1244 2789 1356 2864 Inno-

184 2915 290 2995 oentii
328 2917 383 2992 Ill
416 2913 493 3018 (2):
527 2910 605 2988 <Si
632 2935 716 2988 vero
748 2911 838 2988 alter
871 2908 1029 2988 fidelium
1057 2907 1248 3009 coniugum
1276 2907 1354 2986 rel-

185 3037 329 3116 labetur
356 3039 393 3114 in
422 3035 611 3130 haeresim,
636 3034 690 3112 rel
711 3045 871 3112 transeat
885 3031 930 3109 ad
951 3031 1162 3134 gentilitatis
1181 3055 1352 3126 errorem,

187 3185 257 3239 non
287 3159 464 3238 eredimus
492 3158 587 3264 quod
615 3161 652 3238 in
681 3159 748 3237 hoo
775 3181 860 3236 easu
889 3154 1009 3259 isqui
1039 3153 1269 3258 relinquitur,
1300 3155 1357 3232 vi-

187 3296 291 3363 rente
320 3283 446 3378 altero,
477 3285 590 3388 possit
618 3283 663 3360 ad
696 3280 871 3360 secundas
898 3281 1044 3383 nuptias
1071 3277 1273 3374 convolare,
1311 3278 1357 3356 li-

187 3423 241 3489 tet
269 3409 307 3486 in
335 3409 401 3487 hoo
428 3431 513 3486 oasu
541 3410 651 3486 maior
680 3417 850 3512 appareat
878 3403 1091 3482 contumelia
1124 3401 1299 3481 Creatoris
1317 3433 1353 3479 ›.

186 3537 231 3612 Et
268 3533 439 3612 rationem
477 3531 695 3610 diversitatis
732 3531 825 3608 inter
866 3529 963 3606 huno
1008 3551 1130 3604 oasum
1175 3538 1211 3605 et
1248 3526 1358 3604 alium

186 3655 363 3762 privilegii
391 3655 528 3761 paulini
557 3656 650 3733 hano
678 3654 801 3733 allert:
835 3683 853 3726 a
876 3657 965 3730 Nam
994 3651 1061 3730 etsi
1090 3649 1357 3729 matrimonium

186 3805 310 3858 rerum
339 3779 432 3858 inter
460 3777 622 3857 infideles
651 3779 794 3872 existat,
826 3801 898 3854 non
927 3789 1047 3854 tamen
1066 3787 1121 3853 est
1142 3787 1278 3868 ratum;
1302 3771 1360 3849 in-

187 3913 241 3981 ter
271 3901 394 3980 fideles
422 3916 541 3980 autem
570 3927 691 3980 verum
721 3913 756 3980 at
785 3914 901 3979 ratum
921 3898 1092 3978 existit».
1124 3901 1221 3976 Haeo
1248 3921 1355 4002 porro

259 4167 296 4239 (1)
315 4167 362 4224 Clr
381 4169 412 4224 in
431 4168 479 4225 eit.
500 4167 676 4224 collectaneo
694 4163 845 4221 societatis
864 4163 1037 4220 llisalonum
1050 4178 1080 4218 n.
1099 4168 1169 4219 ste.
1183 4175 1275 4233 pepp.
1291 4165 1360 4217 tto-

189 4258 238 4311 m
260 4255 498 4324 lustrantem,
519 4270 574 4326 qua
596 4267 647 4326 par
666 4256 693 4310 s.
714 4255 745 4309 c.
766 4251 800 4308 de
819 4253 901 4320 Prop.
922 4250 979 4307 lida
998 4263 1173 4321 responsum
1188 4249 1267 4306 tulta
1287 4251 1315 4306 S·
1329 4251 1361 4312 G.

189 4345 216 4397 s.
237 4340 289 4398 ΟΕ.
307 4341 352 4398 dle
366 4341 468 4399 atum
489 4347 556 4400 toto
570 4343 603 4398 ad
624 4341 712 4398 dubia
724 4339 868 4410 proposito
882 4354 897 4394 a
911 4339 1021 4396 vinario
1034 4336 1191 4410 apostoliae
1204 4337 1357 4395 Siamansi.

261 4429 298 4503 (t)
318 4433 385 4502 Cap.
405 4440 519 4504 quanto
537 4437 562 4500 7,
585 4431 620 4488 de
638 4429 786 4488 diuortiis.
