3446 5298
814 453 991 516 -llo-

319 583 362 662 de
392 582 455 660 tali
484 580 585 660 obitu
613 581 702 660 satis
729 593 880 671 oonstet,
912 595 948 658 et
967 581 1058 660 nihil
1078 580 1196 660 obstet
1213 579 1405 682 quominus
1423 599 1487 680 pe-

321 706 413 786 tenti
441 705 615 784 transitus
644 702 689 781 ad
719 704 807 782 alias
834 705 980 809 nuptias
1007 703 1153 784 oonoedi
1181 703 1307 808 possit.

402 839 463 906 ll.
495 831 546 906 Er
576 827 633 906 his
666 826 831 906 omuibus
870 827 1099 907 ecelesiastici
1132 825 1317 906 Praesides
1354 839 1487 904 sertam

320 952 506 1032 desumere
535 963 685 1056 possunt
712 975 872 1029 normam
908 977 1016 1056 quarn
1044 951 1082 1030 in
1110 949 1316 1030 huiusmodi
1344 949 1487 1028 iudioiis

317 1089 529 1179 sequantur.
562 1073 662 1163 Quod
691 1075 721 1150 si
755 1099 826 1153 non
864 1075 1093 1156 obstantibus
1130 1074 1263 1178 regulis
1299 1073 1486 1176 hueusque

316 1198 450 1278 notatis
478 1223 535 1276 res
562 1197 680 1276 adhue
709 1197 844 1276 iuoerta
871 1213 908 1276 et
936 1198 1088 1303 implere
1117 1198 1187 1276 illis
1217 1197 1395 1290 videatur,
1436 1195 1483 1274 ad

317 1335 476 1402 sanctam
506 1321 631 1400 Sedern
661 1347 842 1401 recurrere
870 1321 1068 1416 debebunt,
1091 1322 1181 1400 sotis
1209 1320 1374 1400 omnibus
1401 1345 1482 1398 oum

319 1446 396 1552 ipso
426 1471 571 1525 recursu
601 1445 833 1540 transmissis
856 1460 919 1524 aut
938 1445 1064 1524 saltem
1083 1445 1275 1548 diligenter
1293 1443 1480 1549 expositis.

858 1731 937 1817 ΙΧ.

379 1903 528 1978 termule
558 1901 830 1994 interpellationis
861 1921 882 1975 e
910 1903 1046 1998 oouiugs
1076 1921 1233 1978 eonverso
1263 1901 1428 1978 iaeiendse

496 2008 593 2082 alteri
613 2009 742 2104 eoniugi
764 2009 962 2101 persistenti
977 2009 1010 2082 iu
1025 2028 1085 2082 sua
1100 2008 1235 2102 perfidia
1250 2012 1305 2094 (1).

397 2170 649 2268 commissione
691 2183 727 2248 et
767 2168 935 2248 mandato
968 2167 1201 2248 illustrissimi
1237 2193 1279 2247 ae
1314 2193 1483 2248 reveren-

319 2293 456 2372 dissimi
486 2296 560 2370 DD.
593 2295 637 2372 N.
669 2296 713 2370 N.
745 2292 910 2396 Episcopi
938 2305 1007 2370 eto.
1025 2295 1160 2372 Tenere
1189 2292 1430 2398 praesentium
1449 2305 1485 2369 et

321 2419 366 2498 ad
395 2417 603 2497 instantiam
632 2419 764 2496 llariae
783 2421 828 2496 N.
851 2417 1056 2521 neophitae,
1080 2429 1165 2495 ante
1184 2415 1400 2520 baptismum
1420 2441 1483 2494 vo-

320 2555 421 2620 eatae
450 2540 633 2634 Raohelis‚
657 2539 866 2646 requiritur,
885 2539 1134 2644 interpellatur
1149 2565 1191 2620 ao
1205 2554 1369 2618 monetur
1383 2543 1486 2618 rsaao

317 2665 497 2770 Alpronus
524 2662 689 2756 iudaeus,
712 2663 863 2742 maritus
890 2677 974 2742 ante
998 2661 1214 2768 baptismum
1234 2661 1392 2742 eiusdem
1412 2666 1487 2742 Ra-

318 2787 431 2866 ohelis
458 2800 495 2865 et
523 2811 618 2864 nune
646 2785 792 2882 Mariae,
823 2799 865 2864 ut
884 2787 922 2864 in
950 2786 1100 2868 termino
1115 2785 1253 2865 dierum
1273 2785 1420 2889 triginta
1439 2785 1486 2864 ab

318 2911 541 2990 intimatione
569 2909 749 3015 praesenti
768 2909 970 2989 immediate
1007 2908 1195 2988 deourren.
1219 2935 1261 2988 ae
1279 2933 1485 3004 numeram,

318 3059 471 3138 quorum
499 3033 620 3112 decern
648 3059 712 3138 pro
739 3033 867 3138 primo,
903 3033 991 3110 alios
1020 3031 1141 3111 desem
1176 3057 1240 3138 pro
1266 3032 1423 3112 seeundo
1451 3044 1488 3110 et

250 3181 252 3186 ’
317 3157 475 3262 reliquos
513 3157 634 3236 deeem
663 3156 740 3236 dies
768 3182 832 3261 pro
859 3157 965 3234 tertio
993 3171 1030 3236 et
1057 3155 1183 3234 ultimo
1215 3156 1368 3234 termino
1394 3155 1486 3232 assi-

321 3305 486 3384 gnamus,
517 3281 712 3360 debeatis
740 3281 830 3360 aotis
857 3279 966 3360 huius
995 3279 1120 3358 Curiae
1148 3303 1186 3356 se
1220 3278 1418 3384 exprimere
1446 3303 1488 3356 ae

319 3401 515 3498 declarare,
547 3427 594 3480 an
621 3402 707 3480 velit
735 3427 773 3480 se
797 3415 1002 3481 convertere
1022 3400 1067 3480 ad
1086 3416 1247 3480 sanatam
1266 3400 1371 3480 fidem
1390 3400 1487 3478 ehri·

320 3529 488 3620 stianam,
520 3539 651 3604 sentam
681 3523 857 3602 iudaicam
885 3525 1064 3621 deserere,
1086 3551 1127 3604 ao
1150 3551 1290 3604 sacrum
1310 3524 1488 3629 baptisma

319 3648 423 3728 eorde
444 3649 582 3726 sinoero
601 3648 795 3752 suscipere,
818 3663 925 3754 prout
943 3649 1020 3754 ipsa
1045 3649 1170 3743 Maria,
1193 3647 1277 3728 olim
1296 3671 1386 3726 uror
1403 3673 1485 3740 sua,

318 3771 416 3866 feeit,
448 3784 485 3850 et
512 3785 620 3877 prout
647 3772 749 3850 enine
778 3798 859 3850 eurn
887 3771 1003 3850 laoere
1030 3786 1146 3874 rogat,
1178 3797 1242 3875 pro
1265 3771 1381 3850 salute
1408 3770 1487 3848 ani·

389 4004 424 4078 (ll
445 4001 635 4062 Exclerieato
655 4003 739 4060 decis
764 4003 807 4060 ll.
829 4003 862 4059 de
880 4005 1017 4060 matrim.
1041 4019 1071 4060 n.
1094 4005 1138 4061 24.
1160 4005 1283 4062 —vide
1305 4019 1392 4077 supra
1414 4003 1488 4062 dieta

315 4101 399 4166 part.
420 4095 446 4150 1.
459 4107 522 4164 sup.
536 4093 563 4149 4.
583 4100 645 4150 ort.
665 4093 692 4150 3.
706 4093 740 4148 de
758 4091 965 4163 impedimento
980 4092 1148 4164 lipomints.
1170 4125 1203 4136 -
1224 4096 1301 4150 Haeo
1319 4100 1416 4149 autem
1429 4091 1486 4148 lor·

317 4183 408 4250 muta,
421 4189 454 4239 ut
467 4181 573 4238 ibidem
587 4181 642 4240 luit
659 4181 825 4238 adnotatum
846 4180 886 4250 (n.
905 4181 939 4236 25
953 4193 1044 4252 pepp.
1060 4182 1208 4252 lio-lli),
1229 4180 1359 4238 adhiberi
1376 4187 1489 4238 tantum

317 4275 419 4344 poterit
438 4272 468 4326 in
480 4285 550 4327 casu
569 4285 626 4341 quo
641 4283 698 4326 nou
719 4269 898 4338 permittatur
916 4269 1030 4340 coniugi
1051 4267 1085 4324 ad
1107 4269 1192 4324 iidem
1212 4283 1352 4325 converso
1371 4265 1487 4324 mhabi·

318 4365 385 4418 tatio
404 4373 469 4417 eum
482 4359 572 4415 altero
584 4358 705 4428 coniuge
725 4357 752 4412 in
773 4355 938 4413 inlidelitate
958 4357 1112 4426 obstinato,
1132 4363 1165 4414 ut
1185 4359 1258 4414 inter
1270 4357 1401 4414 nationes
1415 4355 1488 4412 elari-

317 4449 427 4508 stianas
447 4448 559 4520 praxim
580 4445 737 4506 invaluisse
755 4444 895 4504 vidimus.
