3406 5302
660 515 696 530 -
719 483 836 546 283-

169 603 299 706 quoad
316 604 533 685 matrimonii
551 607 842 712 impedimentum
858 623 895 688 et
918 609 1237 715 dispensationem,
1255 615 1341 694 nul-

164 723 237 803 lum
255 725 454 808 iaciendum
470 745 524 808 est
540 733 634 812 inter
657 757 718 812 eos
738 731 945 812 discrimen.
970 734 1105 813 -Hinc
1124 737 1230 816 etiarn
1251 763 1340 817 con-

166 850 391 952 sanguinitas
421 855 497 932 iure
535 880 711 934 canonum
746 855 816 934 late
845 882 886 935 ao
906 858 1118 938 naturaliter
1143 861 1332 966 accipitur,
1474 883 1480 896 ·

167 976 216 1054 ita
245 990 284 1054 ut
313 991 461 1080 agnatos
489 993 525 1058 ct
545 994 729 1081 cognatos,
751 1007 815 1062 seu
835 1007 956 1062 omnes
981 980 1239 1063 descendentes
1258 986 1336 1064 sive
1454 987 1455 992 ‘
1554 1079 1559 1090 Ι
1670 1011 1679 1064 τ

167 1100 373 1180 amaribus
409 1106 483 1182 sire
525 1131 545 1180 a
586 1104 727 1182 leminis
764 1105 1055 1209 comprehendat:
1097 1106 1146 1184 ita
1185 1107 1333 1212 Pirhing

166 1226 221 1329 (b.
253 1237 282 1303 t.
313 1251 352 1304 a.
381 1229 424 1330 2)
453 1253 495 1306 ex
524 1219 680 1308 Barbosa
709 1228 766 1332 (b.
789 1240 817 1306 t.
836 1253 873 1308 a.
898 1231 953 1330 6).
976 1233 1122 1308 -Porro
1141 1255 1329 1334 personae,

165 1352 369 1430 huiusmodi
397 1355 719 1456 consanguinitatis
747 1353 890 1432 vinculo
916 1354 1126 1434 coniunctae
1160 1355 1197 1432 in
1236 1356 1331 1436 linea

164 1488 367 1553 transversa
395 1476 551 1580 aequali,
583 1488 622 1554 ut
651 1479 689 1555 in
716 1477 887 1572 themate,
911 1490 964 1556 tot
993 1477 1164 1580 gradibus
1191 1479 1339 1560 distant

163 1598 257 1678 inter
283 1626 336 1694 se,
368 1615 455 1704 quot
484 1600 654 1702 gradibus
683 1601 819 1680 distant
847 1602 1024 1706 astipite,
1047 1602 1101 1680 uti
1130 1601 1330 1682 desumitur

162 1735 332 1827 tanquam
361 1724 484 1826 regula
513 1749 556 1802 ex
585 1749 664 1828 cop.
695 1725 744 1804 od
771 1725 884 1804 sedem
902 1738 936 1804 at
956 1751 1035 1830 cop.
1051 1725 1239 1830 parentela
1260 1731 1327 1806 35.

160 1862 297 1952 quaest.
317 1856 355 1928 5.
374 1855 459 1929 Cum
479 1850 572 1928 onim
593 1864 667 1930 tota
688 1865 723 1929 et
743 1851 943 1956 adaequata
959 1851 1051 1929 ratio
1067 1853 1337 1932 coniunctionis·

161 1972 287 2051 barum
316 1999 549 2080 personarum
576 1976 624 2054 sit
644 1976 728 2054 unio
748 2000 826 2054 cum
846 1977 969 2080 stipite
989 1976 1180 2070 communi,
1202 1979 1330 2056 merito

158 2113 410 2202 computantur
431 2097 562 2202 gradus
582 2099 680 2177 iuxta
700 2099 908 2178 distantiam
928 2099 973 2177 ab
994 2100 1067 2194 illo,
1090 2125 1156 2180 neo
1177 2115 1335 2205 possunt

159 2227 271 2325 magis
300 2235 362 2302 aut
391 2224 508 2301 minus
536 2223 670 2302 distare
699 2221 792 2300 inter
819 2249 871 2317 se,
902 2251 1009 2329 quam
1043 2251 1063 2301 a
1101 2225 1237 2330 stipite.
1271 2231 1326 2305 lta

158 2347 317 2426 Sancbcz
345 2349 414 2452 (De
440 2361 551 2426 matr.
582 2346 609 2425 l.
642 2352 679 2425 7.
710 2346 804 2453 disp.
837 2353 886 2424 50
917 2373 954 2424 a.
997 2349 1054 2451 5),
1086 2349 1233 2451 Pirhing
1265 2349 1323 2452 (b.

156 2481 183 2548 t.
215 2496 252 2548 rc.
284 2473 345 2574 5).
395 2472 451 2550 Sic
478 2473 600 2576 itaque
630 2470 691 2549 dlii
720 2485 756 2548 et
784 2470 877 2548 filiae
906 2470 1120 2575 patruelium
1149 2473 1206 2550 rel
1239 2496 1326 2550 con·

156 2593 394 2690 sobrinorum,
418 2597 502 2700 quia
531 2596 568 2674 in
596 2596 690 2674 linea
717 2607 814 2672 recta
843 2592 978 2678 distant
1005 2593 1122 2672 tribus
1150 2593 1333 2696 gradibus
1440 2665 1441 2668 .

154 2745 175 2795 a
195 2721 372 2798 communi
393 2721 499 2826 stipe,
522 2719 601 2799 ideo
621 2719 691 2798 sibi
709 2732 795 2797 sunt
814 2719 851 2796 in
870 2719 976 2798 tertio
991 2717 1103 2820 gradu
1123 2717 1318 2814 coniuncti,

154 2857 198 2921 ut
226 2845 361 2948 pariter
389 2846 426 2921 in
454 2869 553 2922 casu.

234 2981 274 3050 9.
305 2977 380 3050 lam
409 2995 506 3065 vero,
529 2968 705 3074 quidquid
725 2967 772 3046 sit
791 2967 835 3046 de
855 2967 932 3045 iure
952 2978 1117 3062 naturae,
1139 2991 1211 3070 quo
1230 2965 1321 3046 lorte

150 3093 273 3199 aliqua
288 3095 582 3196 consanguinitas
606 3093 741 3172 dirimit
761 3090 1023 3168 matrimonium
1033 3090 1321 3170 contrahendum

148 3216 227 3323 (Clr
255 3217 412 3296 Sancbez
441 3215 466 3295 l.
501 3221 537 3293 7.
561 3216 597 3294 d.
617 3219 699 3319 51),
735 3213 1042 3316 consanguinitas,
1079 3227 1119 3294 ut
1152 3214 1318 3319 superius
1399 3207 1401 3216 ’

148 3356 311 3446 accepta,
344 3341 433 3418 illud
463 3341 540 3420 iure
568 3338 750 3445 pontificio
778 3363 849 3416 non
878 3337 1042 3442 amplius,
1076 3349 1117 3416 ut
1144 3337 1242 3430 olim,
1265 3337 1341 3416 di-.·

147 3467 249 3544 rimit
276 3492 391 3571 usque
411 3467 457 3544 ad
477 3471 682 3571 septimum,
705 3463 767 3542 sed
789 3488 900 3566 usque
922 3463 965 3542 ad
981 3478 1149 3568 quartum
1170 3463 1319 3567 gradum

144 3591 339 3685 inclusive,
364 3591 533 3698 adquam
556 3590 703 3694 gradum
723 3589 1013 3692 impedimentum
1034 3589 1101 3667 hoc
1115 3590 1319 3668 restrictum

143 3712 221 3793 fuit
249 3717 287 3792 in
305 3715 459 3794 Concilio
479 3713 712 3793 Lateranensi
733 3717 779 3791 lv
799 3711 866 3790 sub
882 3717 1005 3790 lnnoc.
1024 3717 1093 3806 ΙΙΙ,
1117 3723 1157 3790 ut
1175 3725 1317 3792 constat

141 3863 192 3916 ex
221 3864 300 3944 cap.
332 3865 401 3918 oon
429 3839 526 3919 debet
554 3849 596 3933 8,
628 3838 670 3916 de
696 3861 862 3939 cooscag.
892 3847 926 3914 et
953 3837 1082 3941 officit.
1110 3841 1164 3916 En
1192 3838 1315 3918 verba:

141 3993 163 4038 α
191 3965 390 4045 Prohibitio
417 3989 559 4070 quoque
587 3963 736 4068 copulae
764 3961 960 4064 coniugalis
975 3975 1143 4066 quartum
1161 3987 1319 4040 consan-

141 4118 161 4161 ‹
191 4089 377 4190 guinitatis
405 4101 441 4167 et
470 4087 656 4166 affinitatis
686 4085 832 4189 gradum
861 4084 905 4162 de
925 4099 1127 4163 ceteronon
1148 4083 1316 4179 excedat,

140 4241 161 4284 ‹
188 4213 358 4314 quoniam
374 4215 409 4289 in
426 4211 656 4289 ulterioribus
678 4208 847 4312 gradibus
867 4207 935 4286 iam
953 4233 1023 4286 non
1043 4220 1160 4313 potest
1178 4191 1315 4313 absque

138 4364 160 4408 ι
190 4337 290 4436 gravi
310 4334 497 4441 dispendio
517 4333 720 4412 huiusmodi
740 4331 934 4438 prohibitio
950 4333 1164 4434 generaliter
1190 4331 1317 4412 obser-

138 4487 160 4532 «
189 4459 286 4536 vari.
313 4463 457 4537 ..Cum
494 4483 577 4562 ergo
615 4458 684 4536 iam
721 4481 836 4562 usque
874 4456 919 4534 ad
956 4471 1125 4562 quartum
1163 4455 1311 4560 gradum
