3424 5300
830 443 866 459 ..
891 407 947 476 les
967 443 1005 460 ..

419 545 482 616 la.
514 541 604 615 Dum
632 550 752 616 autem
789 539 911 644 plures
943 553 1055 619 testes
1083 564 1146 643 pro
1174 551 1210 616 et
1236 549 1361 616 eontra
1386 534 1500 641 depo-

301 683 306 698 ·
336 675 441 756 nunt,
472 688 536 740 seu
565 675 675 742 testes
702 675 786 742 arnt
813 666 907 744 inter
934 691 969 742 sa
982 664 1178 750 mamurii,
1198 687 1283 769 prae
1304 661 1414 740 oeulis
1430 661 1499 738 lra-

334 784 471 864 bendae
500 801 584 866 sunt
609 788 756 891 regulae
786 789 830 868 ab
858 802 1011 896 utroque
1039 789 1116 868 iure
1142 787 1239 867 eivili
1268 800 1304 866 et
1331 785 1500 866 canoniea

335 909 511 990 traditae:
543 913 765 1018 potissimum
793 937 876 992 vero
903 939 989 1018 prae
1008 913 1119 992 oeulis
1144 912 1334 1006 habeatur,
1356 923 1499 1016 praeter

333 1047 484 1131 ceterae,
503 1036 703 1116 Innocentii
719 1041 774 1116 Ill
793 1036 981 1116 decretalis
1000 1037 1076 1143 (1),
1092 1063 1166 1142 qua
1185 1035 1355 1115 edicitur:
1379 1039 1497 1112 «Cum

337 1159 487 1262 «igitur
512 1160 598 1240 luino
625 1161 760 1266 pluras,
792 1161 874 1241 inde
903 1187 986 1241 vero
1013 1163 1087 1240 sint
1105 1174 1215 1241 testes
1233 1185 1382 1240 numero
1406 1185 1499 1266 pau-

335 1313 355 1356 ‹
377 1283 488 1364 mores
503 1284 666 1390 producti
681 1285 743 1385 (ult
755 1297 875 1365 actore
888 1299 921 1366 at
935 1287 1209 1392 mo)‚quosnan
1222 1286 1338 1366 solum
1356 1285 1497 1366 diuersa

336 1409 440 1488 «sed
468 1409 617 1489 adversa
645 1411 788 1515 penitus
815 1411 853 1490 iu
881 1411 1095 1515 quibusdam
1123 1424 1266 1491 onustat
1294 1409 1497 1490 testimonia

336 1565 354 1611 a
377 1535 595 1633 reunitum
626 1537 710 1641 quia
739 1537 846 1616 etiam
875 1537 920 1616 ad
939 1535 1206 1615 multitudinem
1225 1549 1365 1614 autum
1383 1534 1497 1640 remi·

334 1689 353 1736 a
376 1685 454 1739 nere
483 1685 555 1738 non
578 1674 735 1765 oportet,
768 1661 830 1740 sed
859 1659 904 1738 ad
932 1659 1078 1740 testium
1091 1660 1299 1764 qualitatem
1317 1673 1356 1738 et
1375 1659 1419 1738 ad
1440 1659 1496 1764 ip-

334 1815 353 1860 <
377 1807 496 1863 soram
525 1783 700 1889 deposita,
727 1785 864 1890 quibus
882 1788 1001 1891 potius
1016 1786 1078 1864 lux
1097 1785 1260 1864 veritatis
1279 1785 1430 1882 assistit,
1452 1812 1495 1866 er

334 1907 510 2014 «quibus
537 1921 671 1988 motum
698 1909 807 1988 animi
836 1910 891 1988 sui
918 1911 1085 1990 convenit
1105 1909 1257 1990 iudioem
1283 1910 1492 1992 inlormare:

335 2065 354 2108 ι
376 2033 602 2130 mandamur,
632 2047 811 2138 quatenus
837 2036 869 2112 si
890 2047 1000 2114 testes
1019 2037 1190 2139 utrinque
1209 2033 1373 2140 produnti
1398 2035 1498 2116 eius-

334 2187 353 2234 «
376 2155 455 2238 dem
476 2157 674 2238 honestatis
694 2171 730 2236 et
744 2158 1002 2238 aestimationis
1017 2157 1217 2262 astiterint,
1241 2181 1321 2236 eum
1340 2171 1492 2256 oonstet,

335 2295 488 2362 «testes
515 2281 767 2363 monaohornm
795 2304 873 2362 esse
900 2282 1053 2363 testibus
1080 2283 1321 2363 arolridiaooni
1349 2309 1495 2364 minuero

335 2409 576 2516 «pauciores,
611 2435 675 2516 pro
708 2409 959 2489 arohidiaoono
996 2411 1211 2490 sententiam
1246 2409 1448 2516 proferatis.
1471 2455 1496 2472 -

334 2564 357 2610 a
377 2536 414 2614 Si
441 2559 525 2612 varo
552 2547 662 2613 testes
689 2559 733 2613 er
760 2547 861 2640 parte
888 2537 1141 2615 monachorum
1164 2534 1342 2643 producti,
1373 2547 1495 2614 tantae

335 2689 355 2736 ‹
376 2660 677 2765 praeeminentiae
705 2659 851 2756 luerint,
875 2661 971 2766 quod
991 2685 1111 2742 eorum
1131 2663 1326 2742 auotoritas
1345 2663 1494 2741 aliomm

334 2787 422 2864 «sit
449 2785 576 2864 merito
603 2784 825 2865 multitudini
852 2785 1100 2893 praeferenda,
1132 2787 1177 2866 ab
1196 2787 1417 2894 impetitione
1433 2812 1496 2866 ar-

333 2910 575 2990 ‹ehidiaooni
600 2910 797 2990 absolvatis
824 2910 966 2990 eosdem
985 2943 1021 2989 ι.

411 3039 539 3142 Itaque
567 3047 643 3114 tum
671 3059 714 3114 ex
744 3035 824 3131 hae,
852 3060 935 3114 oum
961 3061 1003 3114 ex
1025 3037 1104 3116 aliis
1123 3036 1361 3117 decretalibus
1389 3051 1425 3117 et
1444 3037 1496 3116 le-

333 3159 437 3262 gibus
466 3159 586 3238 nitatis
613 3185 634 3236 a
662 3163 736 3236 nn.
769 3159 946 3264 oolligitur

411 3284 554 3362 Primo:
575 3285 612 3362 Si
630 3283 703 3362 duo
720 3296 830 3364 testes
846 3284 999 3365 eandem
1018 3287 1123 3366 [idem
1141 3301 1332 3382 merentes,
1355 3287 1401 3367 ab
1418 3305 1492 3368 nna

332 3408 529 3513 eademque
558 3423 659 3514 parte
696 3409 879 3515 praduoti,
910 3413 1088 3492 eontraria
1123 3416 1265 3492 omnino
1296 3413 1490 3519 deponant,

331 3535 542 3638 regulariter
556 3535 646 3613 nihil
663 3533 831 3642 probant,
846 3547 1018 3642 tanquam
1029 3549 1140 3617 testes
1149 3538 1352 3640 singulares
1369 3540 1495 3644 siopo-

331 3656 479 3737 loritote
492 3657 683 3747 obstetioo,
702 3683 852 3764 quorum
872 3659 962 3740 alter
991 3661 1140 3741 alterius
1164 3661 1298 3742 aliatum
1317 3662 1493 3767 fidemque

221 3802 229 3818 ·
330 3798 478 3864 enervat
505 3798 541 3864 et
569 3783 744 3888 iniringit.

410 3909 589 3988 Secundo:
618 3912 653 3988 Si
681 3909 784 3989 multi
812 3911 884 3990 sint
912 3923 1022 3991 testes
1050 3911 1096 3991 ab
1125 3911 1247 3991 eadem
1279 3923 1381 4018 parte
1408 3935 1494 4018 pro-

330 4031 441 4131 ducti,
472 4059 623 4140 quorum
651 4035 772 4140 plures
787 4035 882 4116 inter
901 4062 939 4116 se
953 4035 1181 4133 mneordent,
1204 4036 1391 4142 pauciores
1410 4061 1494 4115 vero

329 4249 376 4308 val
395 4250 478 4308 etiam
498 4249 693 4320 Reiffenstuel,
713 4252 737 4308 1.
757 4253 786 4308 c.
807 4253 840 4308 ΙΙ.
863 4250 916 4309 tib.
933 4258 960 4308 2.
983 4253 1029 4312 tit.
1050 4259 1095 4314 2⁰.
1115 4255 1149 4312 de
1166 4253 1285 4314 testibus
1302 4261 1330 4312 et
1358 4257 1490 4312 atastat.

329 4338 674 4410 §lemma

398 4424 436 4502 (1)
456 4431 524 4500 cap.
543 4429 579 4487 tu
595 4437 702 4488 oestro
719 4433 763 4497 aa,
784 4429 819 4488 rte
836 4429 960 4488 testibus
977 4436 1003 4489 st
1023 4438 1154 4492 ottertut.
