3424 5300
849 445 1024 508 *126-

346 585 390 638 eu
417 557 527 636 irrito
555 583 624 636 non
664 557 776 662 fecit.
797 617 806 634 .
829 619 837 636 .
864 617 872 634 .
895 586 911 648 ,·
939 556 1168 636 nihilominus
1205 567 1330 636 sancto
1358 555 1424 636 Dei
1449 562 1517 634 Ec-

348 683 456 763 clesia
484 709 527 762 en
556 681 761 760 iustissimis
789 681 905 760 oensis
934 679 1000 759 illo
1028 707 1163 786 semper
1191 681 1363 760 detestato
1384 690 1434 758 est
1461 689 1518 758 ot-

348 835 415 914 qoe
438 805 623 913 prohibuit
651 806 666 911 (
697 805 725 908 ).

429 938 466 1008 3.
498 925 682 1006 Eiusmodi
698 937 817 1004 autem
837 924 984 1004 notitam
1001 950 1044 1003 ex
1064 924 1241 1004 Ecclesiae
1260 938 1400 1004 tantum
1410 949 1519 1030 pree·

346 1061 461 1156 cepto,
490 1072 563 1126 non
591 1071 675 1125 vero
703 1072 747 1124 ex
775 1045 854 1124 iure
882 1056 1034 1122 naturae
1063 1045 1190 1124 oritur.
1226 1046 1394 1134 Quamvis
1422 1044 1516 1124 enim

347 1199 392 1254 eu
421 1171 596 1274 coniugiis
625 1169 713 1248 clam
742 1169 841 1248 initis
870 1169 1078 1272 gravissima
1107 1169 1315 1274 plerumque
1338 1168 1518 1274 profluant

349 1297 442 1376 mala
470 1310 506 1374 et
534 1292 769 1387 incommoda,
800 1292 836 1372 id
865 1309 985 1372 tamen
1012 1293 1141 1372 accidit
1169 1293 1213 1370 ob
1243 1293 1424 1372 hominnm
1443 1319 1519 1370 ma-

349 1424 478 1519 litiam,
509 1448 582 1500 non
610 1420 654 1500 ob
673 1421 786 1525 ipsius
806 1421 980 1498 rationem
998 1433 1215 1500 contractus.
1244 1421 1336 1498 Hinc
1355 1417 1519 1498 incidunt

348 1574 457 1656 saepe
486 1573 603 1641 casus,
622 1549 659 1623 in
687 1543 833 1650 quihuS,
865 1543 927 1622 ubi
956 1544 1101 1622 irritans
1120 1545 1318 1624 Tridentini
1337 1544 1518 1623 decretum

351 1699 423 1752 non
451 1685 507 1750 est
534 1670 602 1748 rite
629 1667 864 1773 publicatum,
895 1667 1159 1746 matrimonium
1179 1668 1286 1746 etiam
1306 1667 1403 1747 licite
1430 1668 1519 1746 clam

349 1797 590 1890 contrahitur,
622 1793 758 1872 scilicet
786 1791 831 1872 ad
860 1819 965 1896 grave
995 1793 1447 1898 periculumueldamnum
1466 1795 1521 1872 ui-

352 1919 502 2000 tandum
532 1918 546 2022 (
577 1919 606 2021 ).
796 1905 800 1916 ’

435 2053 472 2123 l.
504 2042 797 2148 impedimentum
830 2041 936 2119 etiam
968 2040 1140 2120 dirimens
1173 2040 1268 2146 quod
1305 2067 1349 2120 en
1378 2039 1523 2120 clande-

351 2170 448 2249 stine
476 2165 657 2246 enascitur
685 2163 899 2244 matrimonii
927 2165 1179 2259 celebratione,
1203 2163 1339 2244 desolo
1360 2165 1439 2245 iore
1466 2190 1520 2244 ec-

258 2390 262 2396 ·
352 2289 548 2370 clesiostieo
576 2303 644 2367 est.
675 2293 836 2366 Fuerunt
864 2287 963 2368 enim
988 2287 1162 2366 eiusmodi
1194 2287 1417 2367 clandestina
1446 2315 1521 2368 ma-

354 2413 520 2492 trimonia
548 2437 686 2518 semper
724 2409 857 2508 valida,
888 2426 930 2491 ut
957 2412 1075 2492 ualida
1108 2424 1192 2492 sunt
1225 2415 1332 2492 etiam
1360 2437 1456 2491 nunc
1484 2415 1521 2492 iu

354 2538 454 2634 locis,
486 2538 524 2616 in
550 2537 683 2642 quibus
712 2536 910 2618 Tridentini
939 2537 1119 2618 decretum
1147 2539 1367 2643 publicatum
1383 2563 1447 2618 seu
1466 2563 1522 2616 re-

353 2675 502 2767 ceptum
528 2687 601 2740 non
628 2674 697 2757 est,
728 2673 769 2740 ut
797 2687 841 2740 ex
868 2661 1028 2742 dicendis
1049 2662 1201 2768 patebit.

409 2775 475 2866 '5.
506 2791 550 2865 tt
588 2811 668 2866 cum
701 2783 824 2864 eadem
861 2801 984 2866 sancta
1018 2786 1181 2894 synodus
1215 2789 1520 2886 animadverterit,

317 2938 318 2942 ¹
349 2909 605 3016 prohibitiones
638 2908 720 2988 illos
751 2921 899 3015 propter
932 2911 1112 2990 ltominom
1151 2912 1421 2992 inobedientiam
1455 2939 1524 2992 non

351 3035 531 3141 prodesse,
560 3046 593 3113 et
619 3033 751 3139 precio
775 3045 922 3140 peccato
945 3035 1189 3140 perpenderit,
1219 3063 1367 3140 quecea
1396 3035 1524 3116 eisdem

354 3159 583 3240 clandestinis
611 3159 784 3264 coniopiis
817 3171 934 3238 ortem
954 3159 1080 3238 ludent
1108 3161 1183 3266 (3),
1224 3160 1347 3240 eadem
1380 3161 1526 3242 clande-

355 3284 453 3362 stina
484 3282 709 3362 matrimonia
746 3283 845 3362 nulla
873 3295 909 3361 et
937 3282 1038 3364 irrita
1072 3283 1266 3364 declaravit
1299 3286 1354 3363 his
1385 3284 1520 3365 verbis:

430 3546 466 3621 (1)
485 3547 611 3606 trident.
630 3563 695 3606 sess.
722 3553 767 3606 m.
796 3562 859 3621 cop.
881 3552 907 3606 t.
927 3547 961 3605 de
978 3549 1098 3622 reform.
1122 3549 1256 3609 matrim.
1273 3579 1291 3594 -
1303 3551 1351 3610 Cir
1369 3553 1455 3610 etiam
1473 3553 1524 3608 Bo·

358 3636 426 3693 ned.
444 3639 507 3694 xiv
525 3637 560 3694 de
577 3638 694 3710 synodo
714 3637 765 3694 lib.
785 3644 813 3694 8.
834 3652 858 3694 o.
879 3642 922 3694 42.
943 3653 973 3694 n.
993 3643 1021 3694 3.

430 3723 466 3798 (2)
486 3725 556 3783 Vide
574 3729 687 3783 Tanner
705 3733 772 3783 tom.
794 3732 820 3782 t.
841 3725 917 3798 disp.
938 3733 964 3782 8.
985 3727 1019 3784 ete
1036 3728 1171 3784 matrim.
1191 3744 1219 3801 q.
1239 3735 1266 3786 5.
1288 3731 1359 3787 dub.
1375 3736 1403 3787 6.
1416 3747 1447 3787 n.
1464 3733 1524 3786 tlt.

356 3815 406 3872 cit
425 3829 440 3872 a
461 3815 601 3874 Loureuio
622 3815 674 3872 teo.
695 3821 720 3870 l.
743 3817 789 3872 tit.
809 3821 837 3873 o.
857 3823 968 3887 queen.
991 3821 1052 3874 tte.

429 3901 467 3976 (3)
488 3903 592 3960 concil.
613 3903 739 3962 trident.
760 3903 810 3960 cit.
833 3904 900 3961 loco.
914 3935 930 3945 -
946 3905 1017 3962 totale
1037 3913 1145 3976 autem,
1166 3921 1240 3978 quae
1253 3907 1528 3966 exolandestinitete

356 3991 527 4049 oriebantur
546 3992 729 4063 potissimum
750 3992 819 4048 haee
837 3999 928 4060 erunt,
949 3993 1026 4064 quod
1046 3993 1216 4052 clandestini
1236 3997 1373 4068 coniuges
1389 4011 1471 4066 saepe
1489 3986 1527 4052 'ab

358 4079 483 4137 invicem
502 4080 679 4148 recederent,
699 4079 813 4151 aliaque
842 4079 953 4151 publice
974 4080 1078 4138 inirent
1102 4081 1246 4154 coniugia,
1275 4085 1303 4140 in
1323 4083 1467 4154 perpetuis
1486 4083 1527 4138 ri-

358 4176 460 4226 vereut
479 4169 644 4236 adulteriis;
666 4169 847 4226 matrimonia
867 4183 933 4226 cum
953 4169 1164 4240 impedimentis
1186 4173 1313 4230 invalide
1326 4173 1527 4230 contraheren-

359 4263 423 4314 tur:
445 4257 530 4329 idque
549 4272 653 4332 magno
674 4258 740 4316 fidei
759 4259 931 4331 coniugalis,
952 4259 1041 4330 prolis
1060 4273 1093 4316 ac
1116 4262 1286 4320 sacramenti
1305 4261 1476 4320 detrimento
1494 4267 1529 4318 et

358 4352 534 4417 contemptu,
562 4348 686 4404 Ecclesia
712 4346 854 4404 eiusmodi
875 4347 1003 4404 occultos
1023 4348 1171 4420 ignorante
1197 4359 1370 4423 contractus,
1398 4351 1528 4424 adeoquo

359 4433 487 4491 debitam
507 4449 564 4494 uon
584 4435 697 4494 valente
715 4435 816 4492 alierre
836 4433 987 4494 medelam.
