3406 5302
639 451 677 470 -
697 419 757 487 233
780 456 814 468 -

159 554 211 632 uti
239 552 324 632 talia
352 547 539 646 habonda3
557 589 582 610 ·
599 549 767 654 coniuges
786 559 969 655 praeterea
984 543 1082 625 aliud
1097 543 1313 624 domicilium

160 676 196 754 in
223 673 378 754 Ecclesia
406 699 437 753 s.
469 675 646 754 Francisci
683 675 914 782 acquisivisse
951 671 1082 776 satagit
1109 669 1310 766 ostcndera,

160 801 243 905 quia
270 825 311 879 eo
338 812 413 878 turo
441 797 523 878 Cala
542 812 616 879 tum
645 800 758 880 Titius
790 799 994 905 frequenter
1021 822 1059 877 sc
1092 795 1317 875 contulerant

162 928 276 1004 animo
303 921 518 1002 domicilium
546 923 633 1003 inibi
662 921 892 1029 acquirendi:
921 922 1016 1002 bunc
1035 919 1190 999 animum
1209 943 1314 1026 porro

161 1048 247 1128 satis
275 1046 447 1126 declarari
475 1061 583 1152 atque
619 1047 796 1154 praesumi
825 1059 929 1153 putat
965 1057 1040 1126 tum
1069 1071 1112 1125 ex
1141 1043 1233 1124 lacto
1259 1069 1316 1124 rc-

148 1189 283 1282 ·ceptae
311 1175 482 1280 nuptialis
518 1173 773 1256 benedictionis
801 1173 846 1254 ab
874 1174 934 1253 illo
969 1174 1138 1280 parocho,
1169 1185 1244 1253 tum
1271 1197 1314 1250 cx

15 1371 16 1376 a
162 1303 361 1384 testimonio
388 1299 545 1380 ciusdem
572 1302 731 1407 parochi,
762 1301 825 1406 qui
845 1299 986 1380 inlibro
1014 1299 1315 1378 matrimoniorum

161 1440 326 1520 testatur,
357 1437 548 1532 utrumque
567 1427 752 1531 coniugem
772 1425 986 1506 domicilium
1006 1425 1043 1504 in
1062 1450 1127 1503 sua
1145 1421 1315 1531 parochia

160 1552 351 1648 habuissc;
372 1563 452 1629 -et
479 1549 540 1628 ubi
579 1551 667 1631 haec
704 1564 911 1654 argumenta
948 1548 1154 1655 posthaberi
1187 1547 1313 1642 velint,

160 1677 318 1782 potuisse
345 1675 484 1754 demum
512 1677 642 1756 Titium
670 1689 706 1756 ct
733 1679 851 1756 Gaiam
869 1675 1131 1756 matrimonium
1150 1671 1240 1753 inire
1258 1697 1318 1751 co-

161 1827 234 1880 ram
262 1799 423 1907 quolibet
450 1800 603 1904 parocho
630 1825 674 1880 cx
702 1826 743 1880 co
771 1799 1014 1880 demonstrare
1045 1811 1195 1878 conatur
1222 1795 1316 1902 quod

15 1987 16 1996 a
109 1964 113 1972 ·
161 1927 273 2006 Titius
300 1925 346 2004 ab
372 1921 535 2004 Helvetia*
563 1924 732 2028 migrans,
763 1923 1019 2004 habitationem
1042 1921 1184 2028 quidem
1203 1921 1318 2029 pluri·

15 2123 17 2154 q
160 2050 226 2130 bus
254 2049 292 2127 in
319 2048 405 2128 locis
433 2047 572 2143 habuit,
604 2047 666 2128 scd
695 2048 762 2126 hac
781 2047 862 2126 illac
881 2049 1175 2140 circumcursans,
1198 2057 1235 2124 ct
1254 2071 1317 2123 ua·

15 2169 16 2172 ‘
161 2199 282 2280 gerum
293 2171 435 2252 vivendi
450 2173 622 2252 rationem
638 2198 751 2278 usque
767 2172 939 2267 retinens,
962 2171 1089 2250 nullibi
1104 2169 1316 2250 domicilium

15 2367 16 2414 3
161 2300 214 2378 rel
250 2297 354 2402 quasi
400 2296 614 2377 domicilium
662 2297 831 2376 statuisse
872 2295 1097 2377 retinendum
1135 2309 1190 2376 est
1226 2293 1318 2401 (Cir

15 2461 16 2516 3
162 2421 273 2526 llleg.
304 2419 405 2525 BB).

240 2553 304 2625 10.
319 2547 354 2622 Ἐ
369 2557 492 2623 contra
507 2543 662 2649 ipsorum
674 2544 862 2647 coniugum
877 2546 1017 2639 Orator,
1031 2542 1162 2622 nedum
1176 2541 1314 2649 paucis,

161 2671 221 2750 scd
250 2683 287 2750 et
314 2669 491 2774 incompta
519 2668 695 2763 oratione,
726 2667 940 2746 matrimonii
973 2667 1175 2746 huiusmodi
1203 2667 1312 2746 nulli-

162 2806 269 2872 tatem
297 2791 386 2871 satis
413 2817 591 2898 superque
609 2805 745 2897 patere,
768 2791 918 2897 ideoque
937 2789 1221 2896 proclamandum
1240 2815 1318 2870 esse

162 2917 349 2998 dictitabat
367 2917 423 2996 vcl
451 2943 494 2996 ex
522 2917 599 3022 ipso
626 2915 854 2996 substantiali
882 2914 1022 2996 delectu
1050 2940 1244 2996 consensus
1271 2914 1317 2994 ad

162 3041 423 3122 matrimonium
438 3068 481 3122 ex
500 3056 601 3149 parte
621 3043 738 3138 Caiae,
760 3041 816 3121 vcl
835 3067 879 3120 cr
898 3041 1196 3122 clandestinitatis
1214 3042 1314 3134 vitio,

162 3191 239 3246 oum
268 3165 396 3244 initum
415 3163 559 3271 quidem
577 3164 685 3244 fucrit
703 3190 819 3245 coram
837 3166 1006 3272 parocho,
1029 3166 1091 3246 sed
1111 3192 1182 3246 non
1200 3189 1316 3246 coram

162 3290 302 3397 proprio
329 3289 463 3395 (hllcg.
495 3288 588 3394 lu).

243 3423 305 3492 11.
337 3417 462 3518 ltaque
490 3413 597 3494 iudex
624 3412 669 3492 ad
698 3415 908 3494 sententiam
938 3414 1004 3493 bac
1037 3416 1074 3494 in
1102 3439 1208 3494 causa
1235 3440 1317 3522 pro-

17 3595 18 3600 *
164 3535 341 3617 ferendam
369 3536 566 3640 delegatus,
598 3537 783 3643 perpensis
810 3537 1021 3644 libratisque
1048 3538 1132 3618 binc
1159 3537 1241 3616 inde
1260 3565 1318 3616 ra-

17 3697 19 3710 *
165 3662 321 3742 tionibus
336 3675 409 3741 tum
426 3689 445 3739 a
460 3662 673 3741 matrimonii
688 3663 840 3754 vindice,
855 3677 931 3742 tum
945 3689 965 3741 a
981 3664 1167 3767 coniugum
1187 3688 1315 3770 procu-

18 3777 19 3840 3
165 3800 278 3868 ratore
306 3789 380 3867 sive
408 3812 490 3867 voce
518 3787 591 3866 sive
619 3787 751 3893 scripto
771 3787 930 3893 prolatis,
950 3787 1092 3867 tandem
1120 3787 1176 3866 dic
1197 3797 1246 3868 20
1261 3789 1314 3866 ia·

19 3916 20 3960 l
163 3915 401 3994 uuarii1870
435 3913 528 3992 banc
561 3911 828 3992 definitivamin
847 3935 954 3992 causa
985 3911 1135 4018 protulit
1166 3925 1312 3992 sentcn-

165 4040 265 4118 tiam:

242 4165 453 4240 «Constare
480 4158 523 4239 de
555 4160 722 4241 nullitate
752 4161 965 4258 matrimonii
998 4162 1094 4269 quod
1127 4161 1241 4242 Titius
1279 4175 1315 4244 ct
1354 4121 1356 4128 Ι

22 4339 23 4342 κ
169 4291 286 4368 ‹Caia
315 4287 372 4366 die
402 4295 449 4365 18
477 4287 554 4366 iulii
583 4311 642 4364 an.
676 4295 774 4367 1863
804 4311 920 4365 coram
947 4285 1088 4365 domino
1107 4286 1235 4367 Iacobo
1253 4311 1319 4394 pa-

171 4409 313 4491 «rocho
340 4409 517 4490 Ecclesiae
540 4435 571 4489 s.
593 4411 769 4491 Francisci
796 4409 1004 4490 contrahere
1031 4433 1313 4518 praesumpsere,
