3456 5300
828 447 982 510 ..74-

328 599 409 653 cnm
424 575 502 654 eius
517 600 637 655 sorore
656 577 845 657 contrahat
864 592 947 657 ante
967 576 1181 656 conditionis
1199 589 1381 671 eventum,
1400 577 1496 656 nulla

328 728 372 780 er
389 701 555 785 secundis
570 702 797 808 sponsalibus
816 705 930 783 oritur
944 703 1107 808 publicae
1129 702 1327 782 honestatis
1342 703 1495 797 iustitia,

331 849 410 902 oum
440 824 527 902 haec
547 823 703 902 invalida
734 824 806 904 sint
834 851 875 904 ex
898 851 938 904 ea
968 825 1106 904 ratione
1125 823 1220 930 qnod
1253 826 1371 930 priora
1391 849 1499 930 spon·

331 947 420 1026 salia
440 946 599 1052 obligant
628 949 672 1028 ad
692 949 953 1056 expectandum
973 949 1187 1030 conditionis
1206 963 1389 1042 eventum,
1413 967 1496 1028 ante

329 1099 433 1179 quem
463 1075 589 1180 nequit
623 1100 775 1180 sponsus
812 1097 886 1154 rem
915 1075 977 1152 uni
1006 1075 1073 1152 sub
1107 1072 1310 1153 conditione
1347 1076 1498 1179 promis·

327 1225 402 1276 sam
432 1199 573 1279 tradere
616 1198 778 1280 absolute
821 1198 948 1296 alteri;
980 1211 1015 1277 et
1053 1197 1132 1276 ideo
1160 1201 1304 1303 poterit,
1335 1223 1377 1276 ac
1417 1212 1496 1304 post

329 1322 544 1404 conditionis
563 1337 730 1404 euentum
759 1323 904 1404 debebit
923 1323 1050 1404 Titiam
1071 1322 1213 1416 ducere,
1238 1347 1308 1402 non
1337 1323 1494 1404 eiusdem

329 1474 497 1529 sororem.

405 1571 506 1665 Ouod
534 1574 564 1652 si
593 1574 749 1654 conditio
776 1575 822 1654 sit
850 1575 893 1654 de
921 1573 1102 1679 praesenti
1131 1574 1184 1651 vel
1217 1573 1258 1652 de
1287 1572 1494 1679 praeterito,

325 1702 446 1784 statim
488 1700 601 1780 oritur
642 1699 805 1805 publicae
849 1701 1046 1782 honestatis
1088 1699 1241 1794 institia,
1280 1701 1309 1778 si
1339 1697 1495 1780 conditio

326 1852 409 1906 vera
438 1827 499 1906 sit.

407 1950 443 2030 Si
462 1963 582 2030 autem
601 1949 757 2028 conditio
787 1951 833 2028 sit
852 1948 893 2026 de
920 1950 1046 2052 futoro
1064 1946 1275 2053 impossibili
1294 1963 1357 2028 aut
1376 1949 1493 2055 turpi,

328 2081 378 2155 ita
408 2089 528 2154 tamen
556 2085 695 2154 utnon
733 2073 781 2152 sit
823 2086 945 2152 contra
989 2072 1202 2152 matrimonii
1236 2072 1490 2168 substantiam,

329 2199 485 2280 conditio
514 2199 668 2280 babetur
697 2223 761 2304 pro
790 2223 861 2276 non
881 2196 1034 2294 adiecta,
1065 2212 1173 2302 atque
1202 2225 1244 2276 ex
1265 2197 1493 2304 sponsalibus

330 2341 511 2431 tamquam
540 2324 640 2430 puris
668 2336 704 2403 et
732 2323 907 2403 absolutis
935 2323 1227 2430 impedimentum
1246 2325 1360 2404 oritur
1387 2325 1460 2431 (1).

407 2459 473 2528 22.
505 2449 618 2528 Semel
647 2463 767 2528 autem
787 2461 903 2528 ortum
932 2447 1095 2553 publicae
1115 2449 1314 2530 honestatis
1342 2451 1493 2558 impedi-

324 2589 499 2670 mentum,
528 2585 698 2681 perpetro
726 2575 849 2654 duret.
882 2579 998 2664 Quare
1044 2575 1074 2652 si
1103 2600 1232 2680 sponsa
1261 2603 1296 2653 v.
1332 2602 1386 2678 gr.
1417 2602 1493 2656 mo·

324 2703 451 2797 riatur,
483 2715 546 2780 aut
574 2699 796 2804 ingrediatur
824 2699 1044 2802 religionem,
1082 2724 1153 2778 non
1180 2703 1311 2806 poterit
1339 2700 1491 2808 sponsus

323 2851 403 2906 curn
445 2825 719 2929 consanguineis
761 2849 912 2931 sponsae
950 2825 1044 2902 intra
1073 2824 1204 2926 gradus
1240 2851 1283 2904 ex
1326 2825 1490 2932 publicae

323 2951 522 3032 honestatis
550 2952 688 3032 iustitia
716 2950 917 3058 prohibitos
936 2949 1145 3030 contrahere
1175 2953 1190 3054 (
1221 2953 1249 3054 ).
1274 2997 1297 3012 -
1317 2949 1416 3030 Idem
1436 2951 1491 3030 di·

322 3077 473 3158 cendum
502 3080 609 3160 etiam
638 3079 668 3157 si
697 3078 876 3184 sponsalia
906 3091 1030 3156 mutuo
1058 3076 1214 3181 partium
1247 3077 1491 3157 dissolvantur

322 3231 512 3302 consensu,
545 3205 734 3286 dummodo
764 3205 808 3282 ab
838 3205 941 3286 initio
969 3205 1086 3284 valida
1116 3204 1264 3301 luerint,
1296 3207 1395 3286 iuxta
1433 3233 1490 3286 re·

321 3331 533 3410 solutionem
576 3335 612 3411 S.
645 3336 681 3410 C.
728 3329 872 3408 Consilii
902 3329 947 3408 ab
976 3328 1176 3408 Alexandro
1205 3335 1270 3409 vll
1312 3331 1490 3438 approba-

321 3468 394 3534 tam
422 3455 480 3534 die
511 3465 558 3536 lo
588 3455 665 3534 iulii
697 3463 796 3534 1658
839 3453 934 3558 apud
964 3459 1170 3554 Fagnanum
1200 3455 1281 3554 (3);
1311 3455 1487 3560 quidquid

321 3579 380 3660 alii
405 3581 509 3660 aliter
536 3581 695 3660 sentiant
722 3577 795 3683 (l).

403 3713 465 3785 lc.
498 3705 550 3784 ld
580 3702 773 3783 Ecclesium
805 3700 1021 3780 orientalem
1049 3703 1145 3808 qnod
1175 3705 1318 3797 attinet,
1350 3703 1394 3782 de
1424 3705 1490 3783 hoc

323 3831 574 3938 impedimento
594 3828 717 3908 scribit
737 3827 929 3905 Blastaris:
964 3858 982 3900 «
1007 3831 1049 3905 ln
1078 3827 1215 3933 nuptiis
1234 3827 1489 3908 contrahendis

321 3981 393 4035 non
421 3955 535 4035 solum
563 3953 650 4058 quid
684 3951 894 4057 permissum
924 3953 971 4029 sit
999 3949 1278 4042 consideramus,
1303 3977 1425 4032 verum
1454 3967 1489 4032 et

391 4117 426 4188 ll)
448 4115 572 4172 Sanohez
588 4113 639 4171 tto.
655 4119 681 4168 7.
696 4113 772 4186 disp.
786 4119 830 4168 69.
842 4127 874 4170 rt.
890 4119 944 4170 tet
954 4111 1182 4186 seqq.—Plrhing
1196 4113 1246 4170 lib.
1261 4119 1286 4169 t.
1299 4115 1345 4172 tit.
1361 4119 1386 4171 t.
1397 4131 1429 4171 n.
1441 4118 1486 4171 58.

391 4205 427 4276 lt)
447 4205 571 4262 senchez
591 4202 643 4260 lto.
664 4209 691 4260 7.
712 4203 786 4275 disp.
806 4209 850 4259 68.
871 4219 923 4260 uu.
944 4207 1043 4270 30-24,
1067 4201 1173 4274 alliquo
1192 4202 1300 4274 plures.

390 4291 429 4368 (3)
441 4294 511 4352 vide
524 4297 690 4366 Fegnenum
704 4294 734 4352 in
745 4307 805 4366 cap.
819 4293 860 4350 od
871 4293 1058 4351 cromatium
1070 4309 1101 4349 n.
1115 4299 1160 4358 29:
1173 4327 1182 4336 ·
1193 4301 1220 4350 et
1232 4293 1415 4352 Benedictum
1425 4295 1485 4352 xlv

319 4383 367 4440 ott.
388 4389 496 4454 quaest.
517 4397 583 4440 coa.
603 4388 666 4441 terr
682 4413 699 4422 -
712 4383 838 4439 Sanohez
860 4381 910 4439 too.
930 4383 980 4439 ott.
1000 4397 1030 4437 n.
1050 4386 1094 4438 rt.

391 4471 429 4544 tt)
448 4473 518 4529 vtde
537 4472 613 4544 apud
633 4471 804 4530 tenreninm
825 4471 876 4529 tto.
898 4477 925 4526 r.
945 4469 991 4528 tit.
1014 4475 1039 4526 t.
1059 4478 1169 4542 pocot.
1199 4477 1259 4526 tre.
1280 4486 1311 4526 rr.
1332 4475 1358 4526 e.

1707 7 1720 307 r
