3446 5298
825 445 862 460 -
883 416 943 478 398
964 447 1002 462 ..

323 536 485 617 fortassis
503 550 584 643 post
602 539 867 618 matrimonium
885 554 1107 620 contractum
1128 540 1172 619 ad
1190 540 1334 646 aliquod
1349 555 1489 648 tempus

321 675 559 740 commoratus
587 685 659 740 non
686 676 794 741 esset.
826 664 1066 744 Consulantur
1096 663 1389 744 salmanticenses
1418 679 1487 744 etc.

401 785 575 876 Mittimus
603 786 741 866 interea
769 788 1001 868 Fraternitati
1029 801 1114 866 tuae
1142 787 1278 868 Urbani
1299 791 1383 867 VIII
1404 793 1492 868 Bre-

323 935 389 1005 ve,
420 909 517 1015 quod
545 911 760 1016 apostolicae
798 911 1031 991 Auctoritatis
1063 911 1189 992 robore
1225 913 1490 1000 confirmamus,

323 1034 489 1114 iubentes
508 1050 579 1114 etc.
610 1036 803 1142 (quaedam
830 1037 1009 1116 servando
1035 1037 1276 1142 praescribit).
1306 1083 1310 1100 ·

404 1161 489 1237 Post
516 1158 605 1238 baec
632 1162 873 1239 necessarium
900 1160 974 1240 lore
1011 1185 1198 1240 censemus
1234 1161 1398 1240 nonnihil
1427 1159 1492 1238 ad-

325 1283 488 1387 iungere,
507 1297 548 1364 ut
568 1285 605 1362 in
624 1285 813 1391 propatulo
828 1289 875 1365 sit
889 1285 1061 1390 quidnam
1076 1285 1281 1391 requiratur
1299 1286 1345 1363 od
1364 1287 1492 1392 quasi-

327 1407 547 1488 domiciliom
561 1407 841 1514 adipiscendum.
865 1414 996 1488 Verum
1015 1410 1084 1488 bac
1102 1410 1139 1488 in
1155 1433 1194 1488 re
1208 1435 1280 1488 non
1299 1410 1370 1488 alio
1388 1423 1494 1514 pacto

326 1533 534 1638 responderi
553 1546 688 1638 potest,
710 1534 779 1612 nisi
796 1533 894 1638 quod
913 1548 1108 1638 antequam
1128 1513 1392 1612 matrimonium
1410 1557 1497 1612 con-

326 1656 508 1751 trabatur,
539 1657 657 1762 spatio
683 1655 813 1735 saltem
840 1657 949 1736 unius
977 1659 1109 1736 mensis
1138 1658 1196 1736 ille
1223 1657 1286 1762 qui
1313 1657 1495 1737 contrahit

328 1780 546 1860 habitaverit
575 1781 613 1858 in
641 1780 731 1875 loco,
761 1779 824 1858 ubi
851 1780 1116 1860 matrimonium
1152 1780 1368 1861 celebratur.
1400 1781 1496 1860 nefi-

327 1907 484 1985 nitiones
512 1903 803 2008 Congregationis
831 1903 975 1983 Concilii
1003 1904 1070 1982 hnc
1088 1903 1133 1983 de
1154 1929 1192 1983 rc
1218 1905 1401 1984 observari
1429 1929 1494 2010 po-

326 2043 451 2108 terunt
480 2027 577 2132 apud
606 2032 814 2132 Fagnanum
834 2029 871 2106 in
889 2053 968 2134 cap.
991 2029 1225 2133 sipaificooit,
1240 2029 1282 2107 do
1296 2028 1493 2134 parochiis,

327 2151 390 2231 ubi
418 2151 622 2232 earumdem
650 2165 822 2230 contextu
842 2175 1032 2256 perpenso,
1051 2151 1140 2230 haec
1159 2151 1268 2232 habet
1282 2149 1351 2230 sub
1369 2175 1407 2229 a.
1426 2159 1490 2230 39.

333 2278 394 2354 Vir
420 2289 455 2354 et
482 2275 611 2354 molier
642 2277 890 2362 Traiecteases,
905 2277 1065 2353 tiore-atter
1084 2275 1373 2381 impedimentum
1387 2301 1411 2353 o
1424 2301 1497 2382 po-

327 2397 503 2486 reatibas,
532 2423 612 2478 com
640 2399 687 2477 ad
714 2399 873 2478 uicinam
900 2397 1021 2478 arbem
1057 2401 1323 2504 Aquisqraaam
1350 2425 1385 2476 se
1412 2423 1495 2476 con-

329 2521 509 2610 tulissent,
539 2536 572 2602 et
599 2523 648 2602 ibi
675 2522 890 2628 aliquandiu
917 2526 1048 2602 morati
1068 2523 1336 2602 matrimonium
1353 2535 1496 2600 coatra-

326 2648 477 2733 aisscct‚
508 2653 545 2725 S.
582 2653 620 2725 C.
652 2647 812 2726 consulta
839 2673 945 2751 saper
972 2645 1177 2734 validitate,
1211 2648 1345 2726 censuit
1372 2649 1496 2753 expri—

328 2769 494 2848 mendam
508 2781 660 2874 tempus,
676 2795 744 2875 qao
757 2770 999 2850 contrahentes
1010 2771 1256 2876 Aquisproaae
1270 2783 1495 2864 manseram,-

326 2891 462 2997 quodsi
476 2893 589 2997 faerit
607 2892 734 2972 saltem
749 2895 854 2972 naias
871 2896 1014 2981 amosis,
1030 2893 1190 2972 dandam
1203 2919 1274 2974 csse
1287 2893 1495 2974 decisionem

327 3040 396 3120 pro
410 3013 611 3094 validitate.
629 3061 648 3078 -
661 3016 800 3096 Natalis
818 3015 1018 3094 Alexander
1038 3019 1075 3095 in
1099 3016 1281 3122 Theoloqia
1295 3017 1496 3123 dopmotica

326 3151 360 3218 et
387 3139 516 3218 morali
531 3139 595 3218 lib.
612 3145 652 3218 2.
671 3139 713 3219 de
730 3151 883 3219 sacram.
916 3152 1025 3219 aran.
1057 3167 1089 3219 c.
1121 3146 1161 3218 2.
1184 3167 1220 3218 a.
1243 3147 1284 3218 2.
1315 3139 1429 3247 repul.
1452 3147 1490 3218 5.

327 3263 596 3361 animadvertit,
620 3263 665 3342 ad
688 3264 945 3370 acquirendum
961 3265 1312 3369 quasi-domicilium
1329 3279 1494 3372 oportere

328 3399 370 3465 ut
389 3387 658 3482 contrahentes,
681 3401 874 3492 antequam
894 3390 1157 3468 matrimonium
1173 3389 1369 3486 celebrent,
1392 3403 1494 3470 tanto

329 3522 487 3616 tempore
515 3537 556 3589 eo
584 3511 622 3588 in
650 3511 726 3591 loco
753 3512 816 3590 ubi
843 3513 1073 3618 copulantur,
1109 3512 1242 3591 luerim
1270 3513 1490 3610 commorati,

332 3648 374 3714 ut
402 3634 534 3715 ibidem
562 3637 695 3740 cogniti
733 3637 803 3714 iam
831 3636 904 3715 siut
932 3650 1041 3741 atque
1070 3638 1263 3742 perspecti
1287 3637 1495 3718 -Dubitari

329 3773 450 3837 autem
478 3773 617 3864 posset,
658 3785 742 3838 num
776 3759 821 3838 ad
855 3759 1203 3864 quasi-domicilium
1237 3761 1493 3865 acquirendum

328 3881 544 3960 matrimonii
581 3907 703 3978 causa,
743 3884 798 3962 uti
827 3881 996 3980 diximus,
1037 3909 1107 3962 non
1137 3883 1252 3963 solum
1289 3887 1494 3990 requiratur

327 4004 545 4110 praecedens
564 4005 756 4104 habitatio,
775 4007 1020 4086 verumetiam
1039 4007 1264 4113 subsequens
1284 4005 1329 4086 ad
1349 4007 1493 4111 aliquod

328 4127 498 4234 temperis
525 4129 700 4234 spatium:
741 4155 863 4208 verum
897 4156 977 4209 cum
1005 4131 1327 4226 observaverimus,
1367 4130 1494 4210 subse·

327 4265 498 4355 quantem
526 4252 786 4332 habitationem
813 4253 859 4332 ab
891 4253 934 4332 iis
963 4253 1178 4334 ductoribus
1206 4255 1269 4360 qui
1297 4254 1390 4332 hano
1419 4267 1494 4333 tra-

328 4389 474 4457 ctarunt
492 4379 690 4474 materiam,
714 4393 896 4484 tamquam
915 4381 1033 4484 magni
1053 4379 1223 4459 momenti
1238 4379 1492 4458 adminiculum
