3446 5298
676 477 712 490 ..
733 445 791 508 383
814 477 851 490 ..

176 593 315 673 semper
342 583 379 648 ct
406 569 705 674 quandocumque
739 583 816 649 acta
845 595 1047 675 processus,
1085 573 1151 650 etsi
1185 574 1343 651 nondum

177 693 361 798 publicati,
393 707 499 772 crunt
528 694 836 787 communicanda,
869 720 1007 800 semper
1035 710 1072 774 et
1099 697 1344 801 quandocum-

175 845 243 924 que
271 818 350 896 eius
377 818 510 922 scripta
547 831 654 897 crunt
682 817 899 922 recipienda,
932 844 972 896 ac
1009 821 1092 898 novi
1131 822 1273 899 termini
1302 847 1344 900 eo
1424 809 1430 828 ⁶

177 941 358 1045 flagitante
387 955 493 1020 erunt
522 941 751 1046 prorogandi,
782 955 892 1020 ntea
921 941 1082 1046 perficiat
1102 957 1138 1022 ct
1156 943 1339 1022 exhibeat.

252 1063 443 1144 Praebuita
463 1065 521 1144 die
541 1067 578 1142 in
598 1065 766 1144 citatione
785 1064 1005 1169 comparebit
1023 1068 1163 1144 instans
1177 1092 1241 1172 pro
1260 1068 1343 1146 uul-

176 1190 290 1283 litate,
321 1202 356 1267 et
385 1204 471 1268 tuuc
499 1187 670 1267 Defensor
697 1189 911 1268 matrimonii
931 1189 1049 1268 tradet
1069 1193 1342 1294 interrogatoria

174 1313 294 1391 clausa
323 1327 359 1392 et
386 1311 574 1416 obsignata
602 1313 818 1392 Cancellario
846 1338 909 1391 seu
937 1313 1098 1408 Notene,
1130 1314 1338 1419 aperienda,

175 1439 236 1516 illo
262 1438 482 1542 postulante,
514 1463 557 1516 ex
587 1438 720 1516 Iudicis
739 1437 881 1516 decreto
909 1437 945 1514 in
975 1449 1057 1516 actu
1072 1439 1260 1534 examinis,
1283 1463 1345 1517 su·

175 1587 237 1666 per
264 1561 397 1666 quibus
424 1561 698 1662 interrogandus
725 1561 801 1640 erit·
820 1560 948 1638 coniux
977 1561 1116 1639 instans
1144 1587 1207 1666 pro
1236 1562 1345 1640 nulli-

175 1697 261 1764 tate.
285 1684 334 1762 lis
354 1709 395 1763 ea
415 1683 524 1762 addet
542 1683 649 1764 etiam
670 1685 707 1761 in
722 1698 804 1762 actu
823 1685 997 1762 examinis
1016 1708 1059 1762 ex
1079 1685 1193 1764 officio
1212 1685 1341 1780 Iudex,

174 1831 267 1910 quae
296 1831 338 1884 ex
368 1807 661 1912 responsionibus
693 1811 805 1910 magis
838 1819 921 1912 apta
956 1807 1149 1912 conspiciet
1178 1807 1223 1886 ad
1254 1809 1346 1888 reri·

175 1944 284 2010 tatem
312 1929 507 2010 eruendam
535 1932 611 2010 sive
639 1931 677 2008 in
696 1929 970 2010 declarationem
991 1934 1262 2036 responsionum
1281 1934 1346 2012 da-

118 2033 129 2056 ’
174 2065 305 2148 tarum,
323 2057 397 2132 sive
413 2078 521 2158 super
539 2055 640 2132 novis
655 2054 932 2132 circumstantiis
952 2055 1225 2150 resultantibus
1248 2056 1343 2161 quod

175 2179 243 2256 erit
271 2175 543 2279 intelligendum
576 2177 682 2255 ctiam
711 2175 755 2254 de
783 2177 863 2254 aliis
901 2177 1198 2280 interrogatoris,
1234 2205 1343 2284 super

174 2300 307 2406 quibus
336 2303 444 2378 ceteri
475 2326 596 2378 omues
624 2300 668 2378 de
697 2325 735 2380 re
763 2301 930 2378 instructi
958 2315 1064 2379 eruut
1091 2303 1334 2382 examinandi.

254 2430 340 2502 Cum
368 2427 489 2528 itaque
519 2423 705 2503 advenerit
741 2436 877 2502 statuta
910 2423 987 2502 dies
1021 2449 1105 2528 pars
1138 2425 1340 2504 nuditatem

174 2549 390 2630 matrimonii
419 2549 578 2651 allegans
605 2548 823 2654 comparebit
851 2561 891 2626 ut
919 2549 1194 2653 supradictum,
1226 2575 1342 2630 coram

175 2673 311 2768 Iudice,
352 2673 518 2752 adstante
559 2670 750 2750 Defenscre
787 2671 1002 2750 matrimonii
1039 2685 1076 2750 et
1105 2672 1336 2751 Cancellario.

175 2798 287 2878 ludex
316 2798 452 2878 deseret
479 2801 573 2903 parti
593 2797 851 2876 examinandae
870 2797 1109 2876 iuramentum
1128 2797 1173 2876 de
1194 2799 1344 2878 veritate

175 2920 339 3016 dicenda,
371 2936 408 3000 et
435 2919 565 3000 deinde
593 2919 768 3000 reserabit
795 2921 1067 3022 interrogatoria
1095 2921 1271 3017 exhibita,
1304 2937 1344 3002 ut

173 3072 283 3152 supra
317 3046 450 3124 dictum
488 3059 556 3139 est,
589 3070 610 3120 a
638 3043 829 3124 Defensore
857 3046 1087 3140 matrimonii,
1128 3071 1242 3151 eaque
1270 3049 1346 3126 sin-

174 3169 322 3271 gulatim
349 3182 537 3273 proponet,
568 3167 690 3246 audiet
719 3169 982 3273 responsiones,
1013 3195 1146 3274 easque
1187 3169 1337 3250 dictabit

174 3291 406 3370 Cancellaric.

254 3414 403 3493 Interim
432 3413 517 3492 dum
546 3439 630 3520 pars
657 3417 726 3494 erit
754 3415 992 3495 examinanda
1012 3417 1088 3523 ipse
1104 3417 1345 3496 cancellarius

175 3537 353 3617 exscribct
382 3539 419 3614 in
447 3563 615 3643 processu
643 3537 792 3642 primam
821 3539 1150 3642 interrogationem,
1176 3555 1212 3619 et
1241 3539 1344 3618 deiu-

174 3688 258 3768 ceps
286 3663 448 3766 singulas
475 3688 519 3742 ex
549 3662 686 3758 ordine,
717 3677 798 3768 post
826 3688 916 3768 quas
944 3663 1076 3744 scribet
1096 3665 1344 3769 responsiones

173 3813 196 3864 a
225 3786 348 3866 Iudice
367 3787 567 3866 dictandas.
591 3787 628 3866 Si
647 3785 742 3890 quod
762 3787 1090 3889 interrogatorium,
1113 3801 1154 3866 ut
1178 3787 1344 3892 superius

175 3913 348 3988 monitum
376 3924 446 4005 est,
479 3909 634 3990 addatur
661 3935 702 3988 ex
733 3911 895 3988 officina
924 3909 1047 3989 Iudice
1080 3911 1136 3988 rel
1165 3937 1185 3988 a
1213 3909 1344 3988 Defen-

170 4059 252 4112 sore
281 4034 512 4130 matrimonii,
545 4035 786 4113 Cancellarius
814 4035 1050 4140 interrumpet
1075 4035 1235 4114 ordinem
1263 4059 1347 4138 pro-

175 4158 386 4260 gressixum‚
417 4173 454 4238 et
482 4156 671 4236 adnotabit
698 4159 918 4262 interroputo
939 4185 983 4238 ea
999 4158 1129 4264 officim·
1157 4171 1192 4238 et
1212 4157 1345 4260 scripta

174 4281 452 4385 interrogatione
463 4297 499 4362 et
510 4283 754 4387 responsione,
768 4297 965 4362 reassumet
980 4283 1139 4362 ordinem
1151 4280 1348 4386 progressi·

175 4430 257 4482 rum
276 4405 595 4510 interrogationum
614 4404 854 4484 exhibitarum
870 4433 890 4484 a
907 4409 1097 4486 ttetensore
1112 4405 1341 4486 nxatrimonii.
