3456 5300
672 438 827 499 ..49-

575 721 831 798 ARTlCULUS
859 723 909 797 ll.

497 929 541 1003 llo
564 929 740 1004 ammittis
763 929 989 1023 inpedimento

248 1191 282 1259 l.
317 1180 480 1260 hffinitas
507 1195 562 1259 est
589 1181 839 1286 propinquitas
867 1205 1099 1286 personarum
1126 1207 1170 1260 ex
1195 1183 1330 1262 carnali

164 1303 291 1410 copula
319 1305 545 1409 proveniens,
578 1319 619 1384 ut
646 1307 878 1384 communiter
902 1330 982 1383 uum
1001 1304 1082 1384 divo
1102 1305 1233 1384 Thema
1253 1332 1330 1386 eam

165 1427 340 1507 definiunt
368 1441 443 1506 tum
471 1427 642 1531 theologi,
674 1441 749 1506 tum
778 1427 965 1532 utriusque
994 1428 1083 1506 iuris
1119 1429 1225 1534 periti
1253 1429 1268 1535 (
1296 1428 1327 1534 ).

165 1555 251 1630 Cum
279 1553 372 1630 enim
401 1575 464 1655 per
492 1551 654 1656 copulam
683 1552 736 1630 vir
764 1565 802 1632 et
829 1551 957 1631 mulier
985 1551 1073 1631 fiant
1110 1575 1181 1631 una
1219 1577 1328 1646 caro,

164 1674 312 1778 sangnis
339 1673 448 1754 unius
485 1675 616 1754 dicitur
653 1675 801 1755 alterius
838 1677 1048 1780 sanguinem
1083 1691 1254 1780 tangere;
1291 1703 1332 1756 ac

165 1797 316 1904 proinde
344 1801 599 1902 consanguinei
628 1799 779 1878 feminae
812 1799 1012 1878 redduntur
1039 1801 1231 1906 propinqui
1265 1827 1330 1880 seu

166 1923 293 2001 affines
322 1923 388 2001 riri
417 1923 455 2000 in
483 1947 524 2002 eo
553 1923 665 2028 gradu
694 1926 731 2002 in
759 1948 830 2028 quo
859 1936 944 2002 sunt
981 1925 1237 2028 consanguinei
1279 1925 1332 2004 le-

164 2049 307 2143 minnc;
338 2060 375 2126 et
404 2060 528 2127 mutua
557 2050 633 2128 ricc
675 2049 930 2151 consanguinei
972 2049 1038 2126 viri
1076 2049 1169 2128 liunt
1205 2049 1332 2129 affines

167 2171 320 2250 laminae
349 2172 387 2250 in
414 2196 456 2250 eo
484 2173 597 2276 gradu
626 2173 664 2250 in
691 2197 763 2276 quo
790 2185 874 2250 sunt
894 2173 1148 2275 consanguinei
1169 2175 1234 2254 viri
1255 2175 1328 2280 (Ξ).

251 2306 288 2374 2.
320 2295 373 2374 xd
402 2297 491 2376 haec
519 2297 649 2376 clarius
678 2323 718 2375 ac
746 2297 887 2402 plenius
915 2298 1136 2376 enucleanda
1172 2297 1333 2377 animad-

167 2419 381 2500 vertendum
408 2433 489 2516 est,
530 2421 660 2526 triplex
689 2420 772 2500 olim
812 2420 921 2500 luisse
963 2421 1149 2502 affinitatis
1191 2448 1331 2524 genus,

167 2567 295 2648 nempe
321 2543 481 2649 primurn
511 2571 582 2624 una
611 2544 788 2624 duntaxat
817 2544 932 2624 media
952 2546 1233 2626 contrahebatur
1251 2571 1334 2652 per-

167 2693 269 2760 sona,
302 2681 342 2746 ut
370 2693 429 2748 ex.
463 2695 517 2772 gr.
562 2669 591 2746 si
638 2667 750 2746 Titius
792 2667 902 2748 lrater
949 2669 1028 2748 Caii
1069 2671 1332 2750 matrimonium

170 2791 312 2870 iniisset
339 2807 377 2871 et
404 2807 684 2872 consummasset
711 2817 792 2870 cum
820 2799 959 2878 Borto,
989 2793 1077 2870 haec
1108 2793 1187 2872 Gaii
1215 2791 1333 2872 affinis

169 2928 261 3010 erat,
293 2917 399 2995 sicuti
428 2943 524 2996 nuno
542 2929 611 2996 est.
630 2915 829 2994 -Alterum
849 2941 962 3018 genus
982 2915 1167 2994 affinitatis
1191 2915 1332 2994 duabus

167 3037 297 3118 mediis
334 3040 614 3120 contrahebatur
651 3039 839 3146 personis;
880 3053 920 3117 ut
957 3039 987 3116 si
1030 3051 1168 3118 mortuo
1213 3037 1332 3126 Titio,

168 3170 280 3242 Berta
308 3165 531 3242 matrimonio
561 3163 775 3266 iungebatur
803 3187 882 3241 cum
913 3161 1133 3268 Sempronio,
1170 3169 1334 3268 Sempro-

169 3285 280 3378 nius,
312 3286 404 3366 alter
432 3294 560 3366 Bertuc
587 3288 764 3381 maritus,
795 3297 871 3364 tum
908 3286 1061 3382 Guium,
1101 3299 1177 3366 tum
1215 3310 1336 3366 omnes
1422 3307 1425 3320 ·

169 3411 331 3493 defuncti
362 3415 442 3492 Titii
471 3415 754 3516 consanguineos
782 3412 938 3492 secundo
975 3413 1162 3492 affinitatis
1205 3438 1334 3516 genere

170 3537 418 3642 contingebat.
437 3583 461 3598 -
481 3538 637 3617 Tertium
665 3538 819 3642 denique
848 3536 1035 3616 affinitatis
1070 3563 1182 3640 genus
1219 3538 1335 3617 tribus

170 3661 452 3742 contrahebatur
481 3661 607 3740 mediis
635 3662 810 3767 personis,
841 3665 897 3740 lta
925 3661 970 3755 si,
1015 3675 1154 3740 mortua
1199 3667 1336 3751 Berto,

171 3787 402 3892 Sempronius
431 3787 529 3866 aliud
559 3785 775 3866 celebrasset
803 3811 883 3864 cum
926 3785 1063 3864 Naevio
1105 3786 1332 3887 coniugium,

170 3911 281 3990 etiam
309 3935 389 3989 cum
418 3909 485 3988 hac
512 3922 548 3988 et
579 3909 685 3988 Cuius
714 3922 750 3987 et
788 3933 909 3987 omnes
955 3905 1041 3986 Titii
1082 3909 1336 4011 consanguinei

170 4031 279 4110 tertio
307 4031 495 4110 affinitatis
528 4057 654 4134 genere
683 4029 940 4133 iungebantur.
974 4029 1115 4135 Triplex
1136 4043 1254 4108 autem
1274 4029 1340 4107 hoc

245 4257 282 4330 (l)
303 4258 373 4316 vide
393 4261 516 4318 Sanchea
535 4259 588 4317 lib.
609 4265 635 4316 7.
656 4259 731 4332 disp.
752 4266 796 4316 rt.
816 4275 847 4316 o.
871 4266 897 4316 t.

246 4346 285 4421 (t)
305 4347 431 4404 Sancher
451 4348 500 4406 loc.
521 4347 571 4406 cit.
592 4348 672 4406 iuxta
691 4348 767 4420 qnod
787 4348 926 4406 dicituro
946 4351 1059 4422 Gregor.
1081 4363 1144 4421 cap.
1164 4350 1340 4421 [rumita-

175 4437 216 4494 tis
236 4442 260 4494 t.
281 4452 360 4495 cour.
381 4445 425 4496 et.
447 4445 560 4512 quaest.
583 4443 627 4496 to.

243 4522 381 4568 llrusrruuu.
397 4521 429 4566 lle
442 4521 638 4581 impedimentis.
1275 4529 1287 4570 t
