3406 5302
825 458 1026 520 -216-

316 579 437 658 roario
465 602 531 656 sua
559 563 732 680 generali,
764 576 820 654 vel
857 577 961 660 alteri
1006 576 1135 658 idoneo
1162 579 1271 657 etiam
1299 579 1517 682 generaliter

338 700 574 792 committere,
606 697 741 802 quippe
769 723 881 802 quarn
901 696 946 775 nd
966 696 1194 776 ordinariam
1213 697 1380 804 Episcopi
1408 699 1515 778 iuris-

340 818 532 898 dictionem
559 831 738 923 spectent,
762 843 880 923 neque
898 819 1090 924 specialem
1117 819 1283 926 Episcopi
1303 820 1514 924 qualitatem

340 940 396 1017 rel
416 938 630 1018 industriam
649 938 852 1042 requirant,
875 939 959 1018 hinc
979 939 1234 1042 inquirendum
1251 953 1320 1035 est,
1344 941 1514 1046 adquam

340 1060 595 1166 appellandum
623 1058 672 1138 sit
701 1085 721 1136 a
750 1059 915 1162 delegato
943 1060 1000 1138 vel
1027 1059 1277 1163 subdelegato.

420 1185 465 1260 Et
482 1181 606 1285 prima
634 1177 779 1286 quidem
808 1205 888 1259 cam
917 1181 1080 1260 Vicarius
1119 1181 1296 1284 generalis
1324 1183 1400 1260 sire
1429 1184 1515 1262 affi-

339 1303 439 1381 cialis
468 1303 635 1407 Episcopi
664 1327 728 1408 per
769 1300 969 1405 generalem
1003 1301 1208 1380 vicariano
1236 1305 1517 1382 commissionem

339 1422 434 1503 idern
461 1447 541 1500 cum
569 1423 745 1525 Episcopo
773 1421 1038 1517 consistorium,
1057 1421 1276 1502 auditorium
1305 1447 1369 1500 seu
1401 1423 1516 1502 tribu·

338 1545 399 1622 nal
428 1543 561 1622 haheat
590 1543 627 1620 in
655 1544 714 1637 iis,
747 1567 840 1646 quae
868 1557 1076 1648 competunt
1096 1543 1272 1649 Episcopo
1300 1544 1439 1624 ratione
1460 1545 1516 1624 iu-

339 1664 559 1744 risdictionis
588 1662 804 1758 ordinariae,
837 1689 878 1742 ac
897 1665 1109 1769 praesertim
1138 1664 1176 1742 in
1194 1663 1314 1743 causis
1342 1665 1515 1770 spiritua-

336 1785 446 1880 libus,
479 1784 563 1862 hinc
590 1783 684 1862 sicut
713 1784 912 1887 generatim
942 1809 1014 1862 non
1042 1783 1151 1864 datur
1179 1785 1374 1889 appellatio
1402 1812 1424 1863 a
1453 1788 1514 1863 Vi-

338 1905 433 1983 cario
461 1903 505 1982 ad
535 1904 765 2009 Episcopum,
796 1905 883 2010 qnia
911 1917 1005 1984 esset
1043 1905 1239 2010 appellatio
1268 1918 1440 2010 tanquam
1467 1905 1513 1984 ab

337 2025 461 2104 eodem
490 2025 534 2102 ad
564 2024 721 2130 seipsum
750 2023 825 2131 (1),
859 2025 943 2104 dum
974 2025 1169 2130 appellatio
1188 2039 1243 2104 est
1270 2024 1316 2104 ad
1345 2025 1512 2104 maiorem

336 2145 489 2224 iudicem
519 2145 738 2249 provocatio,
771 2145 856 2223 hinc
884 2169 949 2223 nea
977 2146 1015 2222 in
1044 2145 1163 2224 causis
1188 2144 1512 2224 matrimonialibus

337 2291 357 2341 a
386 2263 570 2343 definitiva
598 2265 729 2343 Vicarii
759 2265 936 2367 generalis
955 2266 1137 2344 sententia
1157 2263 1265 2344 datur
1293 2265 1338 2342 ad
1367 2265 1515 2369 Episco-

336 2409 423 2490 pum
452 2385 659 2489 appellatio.
694 2390 735 2464 ln
779 2385 953 2464 eiusmodi
991 2384 1086 2464 enim
1114 2387 1233 2463 causis
1260 2385 1423 2464 Vicarius
1452 2409 1513 2488 ge-

336 2505 483 2601 neralis,
507 2529 579 2582 non
597 2519 638 2582 ut
655 2504 841 2606 delegatus
869 2504 992 2584 sedat
1024 2503 1240 2584 Ordinarins
1256 2529 1321 2584 sen
1343 2503 1511 2609 officialis

337 2627 504 2731 Episcopi
532 2623 692 2730 procedit
720 2625 794 2731 (ἓ).
829 2625 909 2702 lliri
938 2651 958 2702 a
987 2623 1173 2729 definitiva
1201 2624 1399 2721 sententia;
1428 2650 1510 2702 nam

336 2747 382 2824 ab
397 2746 665 2826 interlocutoria
686 2745 820 2850 poterit
835 2745 880 2824 ad
901 2749 1115 2852 Episcopum
1132 2747 1316 2850 provocari
1331 2771 1395 2851 per
1415 2745 1508 2824 riam

334 2891 500 2946 recursus
528 2891 549 2942 a
579 2865 797 2968 gravamine,
820 2866 906 2971 qnia
934 2879 1147 2971 tanquama
1176 2866 1294 2970 seipso
1323 2865 1509 2970 probatam

333 2987 527 3089 corrigeret
555 2999 592 3065 et
619 2987 827 3066 emendaret
855 2987 870 3091 (
899 2988 929 3090 ).

414 3117 451 3186 9.
476 3107 511 3185 Si
531 3121 652 3186 autem
672 3107 869 3212 Eipscopus
889 3133 1033 3186 cansam
1044 3107 1342 3186 matrimonialem
1362 3107 1508 3210 speciali

333 3227 503 3307 mandato
531 3227 636 3306 alteri
664 3228 807 3334 proprie
836 3225 1052 3332 delegaverit
1080 3229 1156 3306 sive
1185 3238 1226 3305 ut
1260 3241 1340 3307 acta
1368 3251 1514 3332 procas-

333 3375 395 3428 sus
423 3359 565 3426 tantnm
594 3349 773 3442 conficiat,
797 3362 979 3426 reservata
1007 3347 1076 3426 sibi
1097 3347 1174 3425 inre
1203 3346 1407 3452 prolarendi
1427 3371 1512 3426 sen·

332 3467 499 3563 tentiam,
529 3467 605 3546 sive
634 3481 675 3546 ut
703 3481 815 3547 totam
843 3480 1033 3570 cognoscat
1056 3492 1201 3546 causam
1230 3481 1266 3546 et
1292 3470 1509 3546 sententiam

332 3585 439 3682 lerat,
471 3587 659 3691 quaeritur
685 3613 732 3664 an
760 3587 888 3666 saltem
917 3599 1005 3665 tunc
1033 3586 1078 3665 ad
1108 3586 1333 3689 delegantem
1362 3587 1509 3692 Episco-

329 3733 416 3814 pum
443 3707 500 3785 rel
528 3707 573 3785 ad
601 3707 679 3785 eius
709 3706 746 3783 in
765 3705 881 3784 afficio
900 3731 1143 3786 successorem
1171 3707 1427 3812 appellandum
1443 3709 1503 3786 sit.

329 3873 354 3888 -
381 3828 554 3908 Generale
583 3827 672 3905 iuris
701 3825 918 3931 principium
946 3839 1016 3922 est,
1048 3827 1132 3906 duri
1160 3826 1436 3932 appellationem
1463 3829 1508 3908 ulo

329 3948 446 4028 indice
474 3945 632 4052 delegato
674 3946 722 4025 od
759 3944 991 4050 delegantem.
1033 3951 1118 4025 Cum
1160 3947 1255 4026 enirn
1293 3947 1508 4028 Ordinarins

381 4211 423 4284 (1)
437 4211 508 4270 Vide
528 4211 711 4270 lleidenstuel
731 4212 779 4269 cit.
801 4211 855 4268 tto.
875 4219 902 4271 2.
925 4213 972 4270 ttt.
995 4219 1039 4270 28.
1060 4227 1091 4269 n.
1113 4215 1157 4268 62.

383 4296 425 4373 (a)
444 4299 544 4358 Recole
563 4300 636 4358 dicto
656 4313 720 4374 cap.
741 4305 768 4355 7.
789 4307 849 4357 art.
873 4306 898 4355 t.
910 4315 963 4356 nn.
976 4304 1040 4354 aa.

384 4385 425 4460 (3)
444 4388 503 4445 Clr.
523 4388 697 4446 Laureolum
728 4389 756 4445 ln
787 4389 835 4446 eit.
864 4395 953 4446 tract.
981 4387 1016 4444 da
1047 4387 1164 4447 Vieario
1192 4391 1327 4462 generati
1357 4390 1502 4462 Episcopi,

331 4481 441 4546 quant.
464 4480 564 4532 ra-rr.
