3402 5292
848 322 1023 384 -3t2-
1087 335 1091 346 “

348 445 526 550 supplices
554 471 619 525 suo
646 448 822 551 Episcopo
849 472 972 553 preces
1000 447 1174 552 porrexit,
1206 447 1340 553 quibas
1365 447 1521 528 breviter

347 569 523 647 enarratis
560 569 627 664 iis,
667 595 759 674 quae
789 585 911 674 postea
941 571 1166 664 inindiciali
1205 597 1270 650 sua
1299 571 1520 676 depositione

345 692 549 772 enucleavit
576 707 612 772 et
639 692 804 772 dillusias
832 697 997 800 exposuit
1024 706 1100 773 tam
1120 695 1239 800 quoad
1259 695 1326 772 viri
1346 695 1523 800 impoten-

347 815 448 912 tiam,
471 831 546 896 tum
565 817 685 922 quoad
712 819 881 897 toleratas
901 817 1066 914 iniurias,
1089 819 1340 912 contumelias,
1363 819 1523 896 uexatio-

348 969 412 1022 nes
439 969 483 1022 ex
512 957 613 1049 parte
642 943 709 1022 riri
728 957 764 1022 et
778 967 917 1038 socrus,
938 942 1141 1022 nullitatem
1161 943 1353 1022 denuntiat
1371 944 1427 1020 sui
1447 969 1524 1020 ma-

348 1068 504 1147 trimonii
534 1069 604 1147 iam
631 1069 787 1171 legitime
815 1069 896 1148 initi
925 1095 1006 1147 cum
1035 1068 1140 1163 Caio,
1172 1093 1213 1146 ea
1243 1072 1435 1174 praecipua
1464 1093 1524 1144 ra·

348 1193 446 1274 tione
472 1194 567 1299 quod
597 1193 655 1272 bic
682 1193 912 1272 antecedenti
940 1219 982 1272 ao
1001 1206 1174 1299 perpetua
1194 1192 1403 1297 impotentia
1423 1191 1524 1270 labo-

348 1329 417 1408 ret,
448 1317 582 1422 qnippe
609 1342 702 1422 quae
743 1341 787 1396 ex
830 1317 918 1396 vitio
960 1316 1114 1422 prolluat
1151 1316 1346 1419 organico,
1391 1315 1440 1393 ita
1484 1326 1524 1391 ut

347 1439 490 1518 rebellis
510 1466 625 1544 usqae
644 1441 889 1546 permanserit
909 1440 1195 1545 quibuscumque
1216 1440 1267 1518 rei
1287 1439 1443 1518 medicae
1462 1437 1527 1515 do-

346 1565 505 1644 ctoribus
533 1578 569 1644 et
598 1565 812 1670 pharmacis.
851 1569 985 1644 Exorat
1013 1564 1162 1670 proinde
1193 1579 1254 1660 ut,
1290 1565 1335 1643 ad
1363 1588 1523 1642 normam

345 1688 598 1768 Beraedictinae
627 1687 899 1768 constitutionis
927 1689 992 1766 Dei
1006 1688 1254 1776 miseratione,
1277 1689 1447 1769 indiciam
1465 1716 1524 1770 or-

346 1810 526 1890 dinarium
553 1811 597 1890 de
626 1813 841 1890 matrimonii
872 1813 1039 1892 nullitate
1068 1813 1165 1920 apud
1188 1813 1283 1894 illam
1309 1815 1449 1893 Curiam
1468 1817 1526 1893 in-

348 1933 534 2014 stituatur.
556 1979 581 1996 ·-
601 1936 771 2039 Delegata
800 1935 845 2014 ab
874 1935 1053 2042 Episcopo
1082 1963 1250 2044 expressa
1279 1938 1448 2018 laenitate
1465 1939 1526 2016 Vi-

348 2064 444 2140 cario
472 2062 628 2164 generali
657 2061 887 2169 procedendi,
920 2061 1102 2141 iudicandi
1122 2089 1163 2142 ac
1191 2063 1407 2142 decernendi
1432 2063 1524 2142 hanc

349 2211 506 2280 causam,
538 2187 627 2266 iuris
655 2188 779 2268 ordine
808 2201 962 2279 servato,
987 2186 1146 2266 libellum
1168 2190 1318 2294 porrigit
1335 2213 1407 2292 qao
1426 2187 1523 2293 apud

349 2323 577 2389 memoratam
606 2311 745 2390 Cariam
774 2310 1006 2417 principalem
1035 2311 1193 2391 instituit
1213 2311 1389 2391 actionem
1409 2309 1525 2389 disso-

347 2432 494 2512 lutionis
522 2435 576 2512 sai
607 2435 821 2515 matrimonii
838 2435 883 2514 ob
902 2435 1053 2514 eandem
1078 2437 1272 2540 principem
1294 2435 1525 2540 impotentiae

348 2558 547 2653 rationem,
588 2583 695 2663 qnam
724 2562 761 2637 in
790 2559 956 2664 precibus
985 2561 1162 2664 Episcopo
1190 2559 1384 2653 exhibitis,
1415 2583 1526 2662 expo-

348 2696 493 2777 suerat,
526 2683 726 2788 ceterisque
755 2697 791 2762 et
819 2683 877 2761 bic
906 2685 1218 2776 commemoratis,
1250 2709 1342 2788 quae
1380 2683 1418 2760 in
1455 2681 1526 2759 illis

349 2804 524 2884 edixerat.
540 2809 648 2883 -Iam
671 2832 752 2885 vero
772 2807 939 2886 intimato
954 2807 1096 2886 actricis
1112 2807 1248 2902 libello,
1266 2807 1417 2910 aliisque
1437 2805 1526 2884 actis

348 2927 577 3008 iudicialibus
593 2929 741 3009 iuridice
756 2931 929 3010 exhibitis
950 2931 1043 3036 parti
1067 2931 1258 3024 adversae,
1276 2931 1378 3008 alteri
1398 2953 1525 3033 nempe

348 3051 490 3156 coniugi
519 3053 601 3131 Caio
630 3078 691 3131 reo
718 3067 909 3149 convento,
942 3055 1000 3132 hic
1028 3079 1147 3158 neque
1168 3081 1233 3160 por
1252 3079 1303 3145 se,
1328 3077 1443 3157 neque
1465 3075 1526 3156 per

349 3191 630 3280 procuratorem,
648 3177 760 3255 ullam
776 3204 934 3284 unquam
949 3179 1100 3258 verbum
1117 3177 1317 3284 respondit.
1336 3181 1382 3255 Et
1400 3201 1528 3280 quam-

349 3299 403 3377 vis
431 3301 505 3379 sire
534 3304 572 3381 in
599 3302 677 3380 eins
705 3301 905 3396 domiciliis
928 3305 1002 3382 sire
1022 3329 1085 3408 per
1105 3301 1256 3407 publica
1276 3300 1392 3380 edicta
1413 3323 1527 3404 usque

348 3423 394 3502 ad
423 3425 560 3504 exitam
586 3426 708 3505 iudicii
739 3453 801 3532 per
817 3429 959 3505 Curiam
978 3427 1223 3534 episcopalem
1242 3428 1274 3506 ei
1294 3426 1430 3506 luerint
1448 3439 1526 3504 acta

350 3548 528 3644 intimata,
548 3551 606 3628 ille
622 3551 658 3627 in
678 3577 742 3628 saa
767 3551 992 3630 contumacia
1012 3565 1222 3630 constanter
1241 3566 1277 3630 et
1296 3550 1527 3655 pertinaciter

349 3675 521 3778 perstitit.
543 3679 659 3765 Quare
679 3674 822 3755 decreto
842 3675 912 3755 diei
935 3686 957 3755 5
978 3676 1099 3754 martii
1126 3683 1225 3754 1868
1245 3677 1432 3755 incusatae
1451 3675 1529 3754 lue-

349 3811 440 3876 rant
454 3801 696 3878 contumaciae
717 3798 754 3876 in
775 3797 884 3878 lorma
900 3799 988 3877 iuris
1004 3813 1132 3878 contra
1148 3797 1370 3903 praedictum
1386 3797 1523 3877 Caium.

351 3923 526 4002 ludicium
560 3924 645 4002 binc
672 3939 924 4029 prosecutam,
960 3923 1075 4028 lisque
1104 3936 1303 4002 contestata
1332 3923 1401 4003 luit
1434 3925 1528 4004 inter

348 4049 515 4129 actricem
543 4075 587 4128 ex
616 4075 687 4128 una
715 4065 751 4128 et
780 4049 995 4128 matrimonii
1018 4046 1222 4128 validitatis
1241 4047 1468 4128 defensorem
1484 4075 1528 4127 ex

349 4173 462 4251 altera
490 4188 607 4279 parte.

428 4305 465 4374 8.
498 4301 605 4376 Porro
625 4296 742 4376 omnia
762 4297 1002 4402 processaalia
1022 4311 1102 4376 acta
1122 4297 1190 4376 rite
1211 4296 1315 4390 inita,
1337 4286 1529 4402 prosecuta
