1035 1506
552 218 571 221 -
582 210 611 226 420
621 217 640 221 -.

304 240 444 264 inimicitiarum,
460 241 538 260 rixarum
553 244 572 260 et
585 241 666 260 odiorum
680 240 765 260 civilium.
777 241 826 260 Haec
835 246 887 260 causa

305 271 401 291 adducitur
415 272 443 291 vel
457 271 480 291 ad
494 272 626 298 extinguendas
640 278 704 297 graves
718 271 827 295 inimicitias,
843 278 888 298 quae

305 303 352 322 inter
361 302 505 322 contrahentium
514 302 656 329 consanguineos
671 302 698 322 vel
712 302 775 322 affines
784 306 834 322 ortae
844 302 887 326 sint,

304 340 386 360 quaeque
400 334 508 353 matrimonii
517 333 637 354 celebratione
647 334 719 353 omnino
728 337 887 360 componerentur;

304 364 332 384 vel
346 364 419 391 quando
432 365 479 384 inter
492 365 636 384 contrahentium
645 365 788 390 consanguineos
799 368 818 384 et
827 364 889 384 affines

304 395 407 415 inimicitiae
417 402 480 421 graves
490 395 587 421 viguerint,
598 399 624 419 et,
638 395 681 415 licet
687 402 722 422 pax
733 395 779 415 inter
789 395 838 421 ipsos
845 395 889 414 inita

304 426 339 446 iam
353 427 384 450 sit,
395 426 492 446 celebratio
503 430 563 446 tamen
573 426 680 446 matrimonii
690 426 713 445 ad
723 426 780 452 ipsius
789 426 839 452 pacis
848 432 890 446 con-

304 457 422 480 firmationem
436 458 513 477 maxime
527 457 641 477 conduceret.

344 492 362 509 7.
378 489 448 510 Nimia,
463 492 552 515 suspecta,
560 488 661 515 periculosa
670 488 800 514 familiaritas,
815 494 846 508 nac
856 494 889 507 nou

305 520 413 541 cohabitatio
428 519 462 539 sub
476 519 538 539 eodem
556 523 611 542 tecto.
626 525 673 546 quae
688 519 739 539 facile
757 518 840 545 impediri
855 525 890 538 non

305 552 369 579 possit.

345 585 364 602 8.
382 582 449 609 Copula
462 589 502 602 cum
516 583 648 608 consanguinea
658 582 686 602 vel
698 582 751 601 affine
761 581 789 601 vel
804 581 839 600 alia
849 587 891 607 per-

305 620 349 634 sona
364 614 490 640 impedimento
503 614 596 633 laborante
605 613 719 640 praehabita,
734 616 753 632 et
760 612 890 639 fni-aequantia,

305 645 377 671 &leoque
386 645 491 671 leqitinmtio
498 644 564 671 prolis,
574 648 594 664 ut
608 650 671 670 nempe
679 643 784 663 consulatur
793 643 841 663 bono
850 649 892 669 pro—

305 676 327 696 lis
339 676 395 702 ipsius
409 679 427 696 et
441 676 504 695 honori
522 675 610 699 mulieris,
625 681 673 701 quae
690 681 742 694 secus
760 675 837 700 innupta
851 680 890 693 ma-

305 710 362 727 neret.
380 708 427 727 Haec
437 706 514 733 proiecto
529 713 564 726 una
574 710 602 726 est
615 712 637 726 ex
647 705 780 732 urgentioribus
790 705 857 728 causis,
868 704 891 724 ob

304 744 357 765 quam
372 738 426 758 etiam
435 738 503 764 plebeis
516 737 555 757 dari
569 737 614 757 solet
624 736 741 763 dispensatio,
757 735 852 756 dummodo
862 742 893 755 co-

304 770 346 796 pula
357 773 428 796 patrata
440 775 475 789 non
488 769 542 789 fuerit
552 768 586 788 sub
599 775 631 795 spe
645 768 730 787 facilioris
739 767 890 794 dispensationis:

304 807 351 827 quae
365 800 498 820 circumstantia
512 800 530 819 in
540 799 671 826 supplicatione
685 798 730 819 soret
739 798 863 825 exprimenda.

344 833 363 851 9.
380 831 460 857 Infamia
477 830 567 852 mulieris,
582 837 604 850 ex
618 830 719 856 suspicione
733 833 782 853 orta,
797 829 846 855 quod
861 829 892 848 illa

304 868 337 882 suo
350 862 483 888 consanguineo
497 865 529 881 aut
543 861 592 881 affini
607 861 660 881 nimis
670 860 769 884 familiaris,
785 861 857 885 cognita
867 860 892 879 sit

304 893 327 913 ab
341 893 411 917 eodem,
427 893 468 912 lieet
481 892 559 919 suspicio
573 893 597 912 sit
611 892 663 916 falsa,
678 898 719 911 cum
730 897 792 918 nempe
804 891 839 911 nisi
853 898 893 911 ma-

305 925 407 944 trimonium
417 923 541 947 contrahatur,
553 923 616 942 mulier
626 923 705 949 graviter
714 922 813 946 diffamata,
825 922 853 941 vel
863 922 893 942 in-

304 958 361 981 nupta
371 958 478 979 remaneret,
494 954 522 974 vel
532 954 609 981 disparis
619 954 726 974 conditionis
737 954 774 973 viro
783 953 852 973 nubere
860 953 893 974 de-

304 987 362 1011 beret,
378 991 409 1007 aut
423 988 484 1013 gravia
498 987 563 1006 damna
577 987 673 1006 orirentur.

347 1020 378 1038 ¹0.
394 1018 507 1038 Revalidario
520 1017 640 1039 matrimonii,
654 1017 702 1043 quod
717 1017 764 1037 bona
778 1017 813 1037 lide
825 1021 844 1037 et
858 1024 894 1044 pu—

304 1049 360 1073 blice,
376 1052 446 1069 servata
465 1048 559 1068 tridentini
578 1048 643 1072 forma,
659 1051 770 1068 contractum
791 1052 830 1068 est:
846 1048 891 1074 quia

304 1080 343 1100 eius
357 1080 451 1099 dissolutio
465 1080 494 1099 vix
509 1079 548 1099 fieri
562 1082 621 1106 potest
635 1079 674 1098 sine
687 1079 759 1105 publico
769 1079 862 1103 scandalo,
873 1082 893 1098 et

303 1110 353 1136 gravi
367 1110 439 1134 damno,
455 1110 560 1136 praesertim
577 1110 661 1134 feminae,
677 1116 692 1129 c.
706 1111 725 1131 7,
735 1110 757 1129 de
771 1110 891 1136 consanguin.

303 1142 326 1161 At
339 1141 354 1160 si
364 1141 410 1160 mala
425 1140 459 1161 fide
472 1141 532 1167 sponsi
542 1141 615 1167 nuptias
630 1141 716 1164 inierunt,
728 1140 803 1166 gratiam
818 1140 893 1166 dispen-

303 1171 379 1191 sationis
388 1171 460 1192 minime
470 1175 568 1195 merentur,
584 1172 609 1191 sic
623 1172 730 1198 disponente
748 1172 801 1191 Conc.
813 1171 890 1191 trident.

304 1209 346 1222 sess.
363 1205 426 1223 XXIV.
442 1210 481 1230 cap.
501 1205 520 1223 V.
536 1203 557 1223 do
570 1203 643 1229 reform.
660 1203 741 1223 matrim.
