3424 5300
647 449 694 552 ⁶
887 529 1064 593 -tiu-

388 657 451 736 sed
489 684 561 738 non
600 672 842 738 consummato
878 671 958 763 post
995 657 1211 762 baptismum
1241 655 1456 737 alterutrius
1476 683 1566 738 con-

388 783 482 886 iugis
512 783 527 890 (
556 783 586 888 ).
895 862 899 872 ,

471 917 534 986 21.
566 913 722 986 atvero
750 931 830 984 cum
858 903 1013 984 infidelis
1042 917 1159 1010 potest
1188 905 1425 1013 interpellari,
1449 923 1485 989 et
1505 913 1563 988 iu-

389 1030 600 1134 terpellatus
626 1042 756 1109 renuat
784 1029 928 1133 quidem
956 1031 1128 1125 converti,
1165 1029 1322 1111 declaret
1355 1047 1488 1128 tamen,
1520 1059 1563 1114 se

389 1153 479 1232 velle
508 1153 672 1234 habitare
700 1179 780 1232 cum
809 1154 920 1232 altero
950 1154 1098 1256 coniuge
1127 1178 1298 1234 converso
1325 1157 1403 1236 sine
1431 1171 1561 1238 contu-

389 1277 493 1355 melia
522 1280 697 1356 Creatoris
726 1277 799 1382 (ἓ),
831 1289 867 1355 et
895 1278 983 1381 quin
1012 1277 1153 1380 coniugi
1174 1302 1342 1359 converso
1362 1282 1557 1385 periculum

389 1401 528 1504 ingerat
556 1401 808 1507 perversioniS,
841 1399 896 1479 vel
925 1398 971 1477 ad
991 1399 1123 1480 lethale
1143 1401 1329 1504 pertrahat
1349 1417 1552 1508 peccatum:

388 1525 588 1628 quaeritur,
620 1549 666 1601 an
695 1524 799 1603 liceat
832 1523 1064 1603 nihilominus
1097 1526 1239 1628 coniugi
1268 1525 1312 1604 ad
1342 1525 1445 1606 fidem
1473 1553 1563 1606 con·

389 1677 492 1731 verso
525 1651 703 1732 infidelem
742 1653 919 1748 deserere,
955 1667 991 1731 et
1019 1655 1172 1758 primum
1207 1652 1399 1734 dissolvere
1432 1657 1559 1736 coniu-

390 1776 484 1878 gium
514 1776 602 1854 alias
631 1777 787 1856 ineundo
820 1776 967 1881 nuptias
1000 1801 1078 1854 cum
1108 1775 1218 1854 lideli.
1242 1778 1425 1882 -Duplex
1454 1777 1557 1858 adest

388 1903 584 1980 sententia:
625 1903 738 2006 prima
767 1915 888 2004 negat,
924 1925 1027 2006 posse
1061 1925 1269 1978 conversum
1303 1901 1369 1979 hoc
1397 1902 1434 1978 in
1468 1927 1554 1982 casu

389 2023 486 2102 aliud
503 2024 619 2104 valide
640 2025 729 2103 inire
749 2025 1027 2118 matrimonium,
1045 2037 1086 2103 ut
1100 2023 1222 2129 plures
1242 2028 1315 2102 ltu.
1335 2037 1458 2104 tenent
1478 2027 1493 2132 (
1522 2027 1552 2130 ).

389 2147 509 2226 Altera
537 2152 731 2243 sententia,
762 2173 869 2252 quam
898 2146 1069 2226 v'eriorom
1098 2147 1488 2251 existimatSanchez(
1518 2151 1547 2252 l,

388 2269 492 2351 docet
518 2296 621 2377 posse
649 2271 767 2350 dirimi
795 2272 976 2350 vinculum
1004 2271 1132 2377 prioris
1160 2271 1389 2368 matrimonii,
1408 2285 1444 2352 et
1471 2295 1559 2351 con-

387 2395 504 2498 iugem
519 2421 727 2475 conversum
741 2421 845 2502 posse
861 2395 949 2474 alias
964 2397 1054 2476 inire
1070 2398 1229 2502 nuptias,
1248 2399 1278 2474 si
1293 2395 1448 2476 inlidelis
1464 2423 1554 2476 con·

387 2519 478 2598 verti
506 2534 648 2615 renuat,
665 2521 828 2625 quamvis
847 2519 991 2627 pacilice
1011 2519 1216 2599 cohabitare
1236 2521 1321 2599 velit
1340 2545 1420 2600 cum
1440 2521 1550 2617 fideli,

387 2646 463 2722 sine
488 2647 554 2722 liei
583 2644 795 2722 contumelia
823 2657 860 2722 et
887 2644 964 2722 siue
992 2644 1231 2748 pertractione
1261 2644 1376 2724 fidelis
1403 2646 1448 2724 ad
1468 2672 1553 2752 pec·

387 2781 519 2846 catum.
539 2811 562 2826 -
582 2768 704 2862 Ratio,
735 2793 842 2872 quam
871 2767 1039 2864 afferunt,
1072 2767 1159 2845 haec
1180 2777 1248 2846 est.
1272 2772 1378 2848 lurta
1407 2769 1556 2872 privile-

388 2892 483 2992 gium
511 2892 549 2969 in
576 2889 730 2970 latorem
759 2891 841 2970 lidei
861 2918 881 2969 a
900 2890 1010 2969 Paulo
1029 2892 1307 2994 promulgatum,
1332 2905 1417 2971 tunc
1436 2891 1554 2971 fidelis

386 3041 458 3096 non
487 3029 542 3094 est
560 3015 742 3095 subiectus
761 3014 926 3093 servituti
946 3013 1057 3121 (idest
1075 3015 1230 3116 coniugii
1246 3015 1404 3119 vinculo)
1423 3015 1554 3121 prioris

387 3139 616 3234 matrimonii,
648 3151 683 3216 et
710 3137 801 3216 liber
828 3151 883 3216 est
910 3137 955 3216 ad
984 3137 1081 3214 aliud
1102 3137 1311 3234 ineundum,
1334 3138 1478 3244 quando
1498 3139 1557 3217 in-

387 3263 502 3341 fidelis
530 3263 679 3340 discedit
708 3287 748 3340 ac
779 3261 950 3366 relinquit
969 3259 1108 3339 fidelem
1124 3285 1187 3366 per
1206 3261 1447 3340 discessionem
1463 3261 1556 3368 ply-

387 3387 497 3466 sieom
524 3386 569 3465 ob
597 3386 705 3463 huius
742 3387 1025 3480 conversionem,
1058 3385 1112 3464 vel
1141 3411 1217 3464 eam
1253 3387 1554 3466 cohabitationem

460 3649 496 3724 ill
515 3651 562 3710 Cir
580 3621 621 3708 clf
639 3666 665 3722 p.
687 3649 820 3708 Baliariui
842 3650 893 3706 tue.
913 3651 962 3706 eit.
983 3665 1087 3722 apop.
1108 3656 1159 3708 521
1179 3651 1214 3707 ed
1226 3666 1298 3724 pop.
1313 3657 1373 3721 526,
1397 3651 1447 3710 ubi
1466 3653 1553 3709 etiam

387 3739 523 3813 expendit
541 3755 575 3797 ac
594 3737 676 3796 diluit
694 3755 737 3806 ea,
761 3753 835 3810 quae
858 3739 975 3796 Pontius
995 3753 1028 3796 ae
1046 3739 1112 3796 dein
1136 3739 1349 3798 Lambertinius
1373 3741 1402 3798 in
1422 3741 1553 3798 medium

387 3832 545 3890 attuierunt
556 3831 591 3886 ad
604 3831 776 3888 contrariam
789 3830 986 3887 sustinendam
998 3831 1173 3902 opinionem,
1186 3829 1304 3896 scilicet,
1323 3843 1456 3886 romanos
1477 3832 1547 3886 Pon·

386 3922 477 3978 nuces
497 3922 526 3976 in
546 3920 637 3976 citatis
658 3919 760 3975 litteris
787 3917 962 3990 apostolicis,
988 3933 1046 3974 non
1072 3919 1240 3976 dissolvisse
1269 3919 1395 3990 primum
1419 3918 1550 3975 validum

386 3995 613 4074 matrimonium,
635 4007 684 4064 sed
703 4013 813 4064 tantum
834 4008 1016 4078 dispensasse
1034 4009 1070 4064 ab
1090 4009 1320 4080 interpellatione
1340 4008 1481 4078 coniugis.

459 4101 492 4172 lii
512 4097 686 4157 Contumelia
713 4099 855 4156 creatoris
881 4097 1035 4156 haberetur
1054 4099 1076 4154 si
1097 4087 1223 4156 infidelis
1242 4099 1331 4156 Deum
1352 4105 1380 4154 et
1403 4096 1554 4154 Christum

385 4189 606 4262 blasphemaret,
626 4189 690 4244 eius
709 4201 814 4244 nomen
834 4187 1003 4258 despiceret,
1023 4187 1086 4244 eius
1107 4187 1269 4260 prohiberet
1293 4185 1402 4253 laudes,
1430 4200 1550 4243 eonver-

382 4279 492 4335 siouem
511 4277 734 4333 domesticorum
753 4275 904 4347 impediret
923 4281 1041 4342 etc.,-ut
1054 4275 1084 4333 in
1100 4277 1232 4348 pluribus
1252 4277 1325 4334 iuris
1344 4275 1475 4333 canonici
1492 4283 1555 4336 tex·

382 4363 460 4422 tibus
479 4365 651 4422 declaratur.

453 4454 486 4525 (3)
506 4453 588 4523 Apud
609 4452 733 4509 Sanehee
755 4451 805 4509 tto.
827 4458 854 4510 7.
875 4453 950 4526 disp.
971 4459 1016 4510 74.
1037 4471 1067 4511 n.
1088 4461 1114 4510 8.

454 4540 488 4612 (4)
509 4541 635 4596 Saucirez
653 4539 728 4596 ibid.
749 4555 778 4597 n.
800 4547 826 4597 9.
