3406 5302
865 445 1040 506 -tce-

365 568 459 646 senti
481 582 572 646 ¹ca'sn
601 565 765 648 subsistit
793 569 837 646 ad
864 571 972 648 huius
1000 567 1215 646 matrimonii
1241 567 1395 646 valorem
1419 574 1530 648 susti-

370 692 539 770 nendum.

448 827 510 894 31.
542 821 587 896 Et
598 817 717 922 primo
732 818 873 922 quidem
890 843 954 896 nec
969 816 1082 896 Titius
1097 841 1163 895 nec
1182 817 1263 894 Caia
1275 817 1347 894 ullo
1363 817 1532 896 lrueban-

367 954 426 1019 tur
437 939 605 1018 domicilii
619 943 674 1020 rel
685 941 973 1046 quasi-domicilii
986 941 1061 1019 iure
1075 939 1110 1016 in
1125 940 1334 1044 parochias.
1349 945 1527 1021 Francisci

369 1077 611 1168 temporeque
630 1063 857 1144 celebrarunt
881 1063 1157 1142 matrimonium.
1178 1067 1221 1141 ln
1237 1063 1303 1141 hoc
1321 1063 1415 1141 enim
1434 1067 1522 1142 arti-

366 1189 446 1268 culo
462 1189 653 1268 asserendo
669 1213 790 1268 omnes
809 1189 882 1266 sive
909 1188 1075 1291 coniuges
1094 1187 1168 1266 sive
1196 1201 1307 1266 testes
1335 1188 1527 1268 concordes

365 1313 507 1391 omnino
518 1325 602 1390 sunt
614 1313 650 1388 iu
666 1338 787 1392 eorum
797 1311 1025 1390 iudicialibus
1039 1310 1323 1416 depositionibus
1334 1312 1524 1390 iuramenti

254 1459 256 1471 ·
365 1437 506 1514 vinculo
534 1437 641 1514 semel
671 1451 779 1540 atque
807 1437 935 1516 iterum
963 1437 1125 1514 lirmatis.
1157 1439 1201 1513 Et
1229 1435 1267 1512 in
1294 1436 1416 1540 primis
1445 1435 1526 1513 daia

365 1573 518 1638 testatur
546 1559 705 1664 quidem,
728 1585 765 1638 se
786 1561 977 1665 primordia
998 1563 1091 1638 vitae
1107 1561 1292 1637 transiisse
1308 1563 1343 1636 in
1359 1561 1527 1665 parochia

363 1705 395 1758 s.
418 1681 612 1776 Francisci,
631 1683 694 1762 sed
709 1699 915 1788 septennem
931 1683 1013 1761 inde
1029 1683 1247 1778 discessisse,
1261 1697 1296 1761 et
1312 1684 1397 1762 alibi
1417 1683 1530 1762 domi-

363 1804 482 1882 cilium
498 1831 570 1882 una
587 1831 665 1884 cum
681 1806 942 1902 suisfirmasse3
957 1821 1087 1911 etpost
1102 1805 1238 1883 obitum
1253 1807 1366 1911 patris
1381 1807 1452 1900 sui,
1465 1808 1528 1910 qui

363 1927 432 2006 iam
462 1955 482 2006 a
511 1927 754 2032 duodeviginti
783 1931 886 2008 annis
915 1930 1130 2022 decesserat,
1162 1954 1235 2006 non
1255 1929 1409 2034 amplius
1428 1953 1469 2006 ea
1489 1928 1528 2004 in

363 2053 531 2156 parochia
551 2055 766 2134 domicilium
787 2055 969 2134 hahuisse:
996 2085 1013 2128 a
1024 2079 1090 2159 per
1109 2056 1167 2132 cai
1186 2057 1288 2162 (sunt
1308 2055 1385 2133 eius
1401 2053 1526 2156 rerba)

365 2179 495 2284 <dopo
523 2179 560 2257 lo
588 2193 699 2258 morte
727 2180 765 2258 di
792 2181 863 2258 arcio
892 2180 1007 2284 padre
1039 2206 1109 2257 noa
1137 2181 1181 2258 lto
1207 2192 1315 2258 aceto
1342 2181 1381 2258 ic
1408 2175 1527 2284 quello

365 2305 615 2406 «parroechia
642 2303 820 2381 domicilio
848 2311 889 2381 ne
913 2317 1080 2410 poterae,
1110 2311 1152 2382 cd
1179 2317 1355 2390 materno,
1376 2311 1419 2382 ce
1445 2304 1527 2408 sra-

364 2439 546 2506 «terao»
577 2429 718 2533 (Actor.
749 2426 810 2506 lol.
843 2427 904 2533 8).
937 2433 1098 2508 Ceterum
1127 2427 1407 2507 luculentissime
1440 2453 1525 2506 eon·

361 2563 447 2646 stat,
479 2579 499 2630 a
529 2553 609 2628 Cale
637 2553 734 2656 [ceto
761 2563 794 2630 et
811 2551 932 2629 aalma
961 2553 1069 2630 luisse
1090 2552 1314 2656 deperditum
1334 2551 1523 2656 pristinum

362 2673 508 2778 eripiatis
538 2674 751 2753 domicilium
780 2676 880 2753 etin
908 2675 1087 2753 civitatem
1117 2675 1329 2754 translatum
1349 2699 1390 2752 ex
1412 2675 1525 2778 primo

360 2795 406 2874 ab
435 2799 511 2901 ipsa
540 2797 629 2876 inito
657 2799 880 2875 matrimonio
908 2824 985 2875 cnm
1015 2801 1233 2903 Sempronio.
1257 2801 1449 2875 Paternum
1477 2795 1527 2872 si·

361 2921 504 3025 quidem
533 2921 748 2999 domicilium
777 2945 849 2998 una
878 2945 957 3000 cum
989 2924 1066 3000 eius
1095 2923 1203 3000 amita
1238 2922 1306 2998 iarn
1342 2920 1435 2998 laeto
1463 2919 1525 2998 de-

360 3059 535 3123 seruerat.
567 3053 611 3123 tt
642 3043 786 3149 quando
819 3045 1003 3146 coniugale
1041 3046 1165 3125 loedus
1203 3071 1282 3123 cum
1316 3045 1523 3148 Sempronio

360 3169 552 3262 contraxit,
585 3184 671 3248 tune
697 3169 817 3247 ocimo
845 3181 881 3246 et
909 3170 1005 3272 [octo
1038 3172 1227 3274 pristinum
1261 3167 1350 3246 illud
1378 3167 1525 3248 domici-

358 3291 445 3370 lium
460 3291 660 3370 deseruisse
680 3293 827 3371 solemni
842 3293 914 3372 ritu
929 3291 1199 3388 demonstravit,
1218 3295 1275 3370 sui
1291 3292 1357 3370 riri
1378 3291 1525 3370 domici·

359 3415 446 3492 lium
474 3417 512 3493 in
540 3416 682 3494 civitate
710 3419 912 3520 acquirens,
945 3417 1106 3521 illudque
1135 3421 1241 3496 etiam
1261 3429 1340 3522 post
1361 3415 1427 3493 viri
1446 3415 1525 3494 ohi-

360 3555 436 3620 tum
466 3543 638 3620 retinens.
661 3587 684 3602 -
703 3547 833 3620 Verum
852 3541 995 3645 quidem
1016 3541 1185 3647 estquod
1206 3545 1282 3648 ipsa
1303 3543 1443 3620 circiter
1461 3565 1526 3644 per

359 3690 514 3744 mensem
543 3663 690 3742 rorabat
718 3663 911 3768 quotannis
940 3663 1032 3768 apud
1054 3691 1155 3743 suam
1179 3668 1322 3743 amitam
1351 3665 1388 3740 in
1413 3662 1525 3740 rurali

358 3815 388 3866 s.
407 3789 584 3867 Francisci
599 3788 766 3892 parochia
795 3787 999 3889 degentem3
1024 3802 1061 3868 at
1089 3791 1197 3866 animi
1213 3787 1395 3866 recreandi
1416 3813 1524 3864 causa

358 3925 496 3990 tantum
511 3925 547 3990 et
561 3914 616 3990 sui
632 3925 668 3991 et
683 3911 834 3989 duorum
850 3911 1014 4005 liliorum,
1037 3937 1126 4016 qnos
1146 3915 1222 4016 ipsa
1239 3937 1281 3990 ex
1300 3910 1523 3990 matrimonio

357 4061 437 4114 cnm
452 4038 656 4141 Sempronio
670 4050 889 4143 susceperat.
908 4041 952 4114 Et
964 4037 1149 4140 tamlonge
1162 4037 1285 4114 aberat
1300 4037 1428 4142 etipsa
1445 4035 1524 4112 ani-

358 4185 450 4238 mum
463 4172 600 4263 gereret
616 4161 713 4239 aliud
732 4160 940 4264 acquirendi
957 4159 1170 4239 domicilium
1187 4161 1224 4238 in
1239 4188 1280 4240 ea
1292 4161 1401 4239 rurali
1418 4184 1524 4265 paro-

356 4283 448 4376 chia,
463 4297 503 4361 nt
514 4284 558 4362 ad
570 4283 605 4362 id
617 4309 661 4362 ne
672 4285 1046 4390 cogitaveritquidem;
1065 4310 1145 4362 cum
1159 4311 1343 4390 nunquam
1360 4287 1517 4364 animum

356 4408 523 4488 hebuerit
551 4409 736 4489 deserendi
766 4409 979 4488 domicilium
1007 4409 1102 4514 quod
1131 4411 1169 4489 in
1184 4413 1350 4515 parochia
1371 4437 1401 4489 s.
1425 4413 1520 4488 Lau-
