3456 5300
656 385 830 448 -tot-

160 501 274 583 cludit
299 505 444 610 quando
474 506 620 586 aliunde
648 533 710 614 per
738 509 972 588 sufficientem
988 509 1233 616 probationem
1252 535 1331 588 mo-

161 626 288 708 raliter
315 641 446 710 constet
474 629 518 710 de
547 632 786 713 obstinatione
814 632 967 713 infidelis
996 635 1011 740 (
1039 633 1069 738 ).

242 756 334 834 llinc
362 782 432 835 non
462 771 605 836 tenetur
633 783 824 840 conversus
852 763 979 838 coniux
1008 759 1236 864 interpellare
1256 784 1328 838 non

162 905 372 960 conversum
404 893 439 962 l⁰
467 884 611 990 quando
639 897 791 972 constet,
821 901 902 964 eum'
929 883 1023 963 nolle
1043 883 1158 963 redire
1178 882 1223 962 ad
1243 909 1333 963 con-

162 1029 319 1102 versum,
351 1033 523 1114 respuens
552 1010 695 1087 omnino
731 1009 930 1088 convictum
959 1022 995 1088 et
1027 1007 1326 1088 cohabitationem

163 1157 243 1209 eunt
271 1133 419 1235 coniuge
448 1133 558 1228 fideli,
590 1134 639 1212 ita
658 1147 699 1212 ut
713 1133 896 1240 explorata
912 1132 1088 1212 habeatur
1105 1131 1251 1238 physico
1270 1131 1332 1210 di-

161 1257 286 1336 scesst'o
313 1258 473 1360 coniugis
492 1257 659 1352 infidelis,
683 1271 723 1336 ut
742 1257 965 1362 contingeret
989 1257 1026 1334 in
1045 1281 1145 1352 casu,
1176 1281 1248 1361 quo
1267 1256 1328 1334 in-

163 1377 279 1458 lidelis
306 1380 480 1460 malitiose
500 1380 644 1486 fugerit,
663 1381 718 1460 vel
733 1380 852 1460 latitet
871 1405 917 1460 ue
935 1379 1183 1485 interpelletur
1203 1377 1277 1486 (2);
1300 1424 1334 1448 -.

163 1511 200 1580 2⁰
227 1501 372 1608 quando
399 1515 550 1590 constat,
579 1504 676 1582 hunc
703 1503 793 1582 telle
821 1501 964 1609 quidem
984 1503 1100 1582 redire
1115 1501 1160 1580 ad
1180 1527 1333 1580 convor-

161 1651 253 1721 sum,
285 1627 347 1706 sed
362 1653 441 1706 eum
461 1627 636 1707 Creatoris
651 1627 796 1722 iniuria,
829 1628 877 1705 ita
892 1641 933 1705 ut
952 1641 1131 1734 comperta
1151 1625 1330 1705 habeatur

163 1751 240 1830 eius
253 1750 401 1830 morulis
420 1750 596 1830 discessio.
616 1797 639 1812 -
654 1757 749 1830 llaec
764 1764 883 1830 autem
897 1765 1057 1830 constare
1075 1752 1175 1858 prius
1195 1752 1330 1832 dehent

161 1895 225 1977 per
251 1898 453 1978 processum
482 1875 606 1955 saltem
626 1875 856 1954 summarium
876 1890 912 1956 et
930 1874 1250 1969 extraiudioialem,
1275 1874 1328 1953 uti

165 1997 277 2102 exigit
303 1999 491 2102 Gregorius
528 2005 615 2078 lllll
643 2001 680 2078 in
708 2025 774 2078 suo
804 2002 907 2080 Brevi
935 1999 1002 2078 sub
1036 1999 1093 2078 die
1123 2009 1171 2079 25
1201 1999 1333 2077 ianua-

163 2123 207 2200 rii
238 2129 338 2201 1585
369 2121 442 2228 (3)
465 2167 489 2181 -
508 2127 553 2202 Et
572 2123 660 2202 haec
680 2123 717 2200 in
737 2123 927 2229 hypothesi
946 2121 1045 2228 qnod
1064 2121 1331 2202 matrimonium

164 2243 272 2324 luerit
298 2245 417 2324 aalide
446 2247 482 2324 in
509 2247 720 2327 infidelitate
749 2259 982 2326 contractum.
1015 2251 1093 2324 Non
1121 2247 1215 2324 enim
1238 2270 1331 2350 opus

163 2384 287 2450 estut
323 2384 460 2450 constet
488 2371 532 2450 dc
560 2372 721 2475 coniugis
757 2370 910 2450 infidelis
943 2369 1146 2476 pertinacia
1181 2395 1244 2448 seu
1272 2367 1332 2447 di·

163 2495 331 2574 scessioue
368 2495 412 2572 ad
449 2495 706 2574 excludendam
744 2495 1042 2600 interpellationis
1078 2493 1328 2572 necessitatem

163 2645 225 2698 seu
254 2618 518 2722 obligationem,
550 2619 580 2698 si
609 2630 754 2698 3⁰certo
773 2618 984 2705 constiterit,
1013 2617 1229 2696 connubium
1248 2643 1332 2696 cnm

162 2742 222 2821 illo
251 2743 288 2820 in
304 2741 514 2822 infidelitate
543 2743 685 2839 initum,
717 2742 827 2822 luisse
846 2740 1047 2820 inualidum
1068 2741 1122 2819 vel
1142 2739 1187 2819 ob
1212 2739 1332 2820 deiec-

166 2879 239 2944 tum
264 2865 366 2945 liberi
399 2892 613 2964 consensus;
633 2913 656 2928 -
676 2867 730 2969 rel
747 2866 791 2944 ob
807 2867 962 2972 aliquam
974 2864 1213 2944 conditionem
1243 2863 1331 2942 sub-

165 2992 318 3071 stantiae
335 2991 546 3070 matrimonii
564 3005 822 3098 repugnantem
841 2992 879 3070 in
898 3005 980 3070 actu
996 2991 1073 3095 ipso
1092 2989 1328 3069 contrahendi

169 3116 367 3222 appositam
400 3115 483 3222 (l);
506 3117 605 3194 -vel
638 3115 683 3196 ob
718 3118 829 3220 legem
866 3115 1152 3196 dissolubilitatis
1185 3118 1222 3194 in
1254 3117 1333 3198 loco

166 3251 369 3318 contractus
397 3237 545 3320 iortasse
575 3240 752 3343 vigentem
780 3253 815 3318 et
834 3243 872 3318 in
892 3255 973 3320 actu
1002 3241 1235 3320 contrahendi
1255 3243 1330 3322 sire

166 3361 210 3440 ab
239 3377 391 3468 utroque
421 3363 569 3466 coniuge
598 3364 672 3442 sive
702 3363 746 3442 ab
776 3391 846 3442 11110
874 3377 1014 3444 tantum
1033 3391 1194 3471 espresse
1212 3368 1334 3446 inten-

167 3499 237 3566 tam
266 3486 344 3594 (5);
368 3533 391 3548 -
410 3489 465 3566 tel
495 3487 638 3567 tandem
658 3489 703 3568 ob
723 3489 890 3568 naturale
908 3489 1077 3568 dirimens
1096 3491 1241 3595 aliquod
1262 3491 1334 3568 im·-

234 3683 274 3754 (l)
294 3683 507 3742 tirasonensi
528 3684 579 3741 tto.
601 3690 627 3740 7.
648 3683 724 3757 disp.
745 3691 789 3740 rt.
809 3701 839 3741 u.
863 3691 905 3742 ts.
925 3692 952 3742 et
975 3701 1007 3742 n.
1029 3693 1063 3742 te
1081 3687 1131 3745 ubi
1151 3687 1185 3744 ds
1206 3688 1333 3746 induciis

167 3768 274 3828 inlldeli
294 3771 480 3828 concedendis
499 3772 625 3829 disserit.
1374 3765 1378 3773 ’

238 3855 273 3928 [tt
295 3857 364 3915 Vide
383 3859 552 3917 clericatum
573 3860 607 3916 de
626 3860 761 3918 matrim.
782 3861 865 3918 dreis
887 3867 930 3918 ti.
950 3877 1002 3918 un.
1021 3868 1119 3920 25-26.

236 3945 272 4016 (31
292 3947 385 4002 Habes
404 3947 458 4003 troc
477 3947 682 4006 documentum
701 3950 827 4020 Gregorii
846 3953 911 4006 xltl
931 3951 1016 4007 etiam
1036 3950 1065 4006 in
1081 3951 1129 4008 eit.
1150 3951 1332 4008 collectaneo

165 4031 318 4090 societatis
336 4034 518 4104 Marionem,
540 4043 621 4107 part.
642 4041 669 4094 2.
683 4051 747 4109 cup.
761 4045 787 4094 s.
800 4038 830 4109 S.
845 4037 908 4095 ude
920 4038 1026 4110 imped.
1043 4037 1208 4110 ligaminis,
1221 4055 1252 4096 rr.
1267 4045 1330 4108 920,

164 4137 235 4194 pag.
258 4127 320 4178 tot.
341 4123 389 4182 cit.
409 4125 476 4181 edit.

237 4210 276 4284 (4)
296 4211 396 4269 Recole
415 4227 489 4284 quae
508 4227 594 4285 supra
614 4215 742 4271 diximus
761 4229 823 4287 cup.
848 4221 872 4270 t.
888 4221 949 4272 ort.
965 4220 990 4271 t.
1005 4231 1059 4273 uu.
1076 4221 1136 4284 4-5,
1153 4217 1202 4294 ubi
1217 4215 1252 4273 de
1265 4230 1331 4274 con·

167 4299 326 4358 ditionibus
345 4302 374 4358 in
394 4311 460 4360 actu
479 4303 664 4361 contrahendi
685 4305 899 4362 matrimonium
919 4305 1067 4378 appositis.

240 4387 279 4463 (5)
299 4391 412 4462 nequo
432 4397 526 4450 tamon
546 4391 587 4450 eir
606 4393 777 4450 Laurentum
799 4393 849 4452 tto.
875 4399 901 4449 t.
914 4393 960 4451 tit.
981 4399 1006 4451 5.
1024 4393 1058 4451 dr
1079 4393 1188 4452 condit.
1203 4395 1329 4467 appetit.
