3424 5300
647 462 823 526 -177-

142 589 213 666 sias
231 588 269 666 in
287 589 405 666 causis
433 588 752 670 matrimonialibus
779 589 911 692 agitur.
930 633 953 649 -
971 588 1071 678 Quod
1091 588 1121 669 si
1148 587 1299 695 quilibet
1359 693 1361 697 y

142 713 235 791 alius
261 727 402 818 praeter
430 714 598 816 coniuges
627 728 770 792 accuset
797 714 1071 810 matrimonium,
1103 740 1182 793 cum
1202 730 1300 795 uter-

142 861 212 941 que
240 835 369 941 coniux
398 837 529 915 hocin
561 862 645 915 casn
675 838 726 917 rei
755 863 941 943 personam
979 852 1091 942 gerat,
1123 839 1153 917 si
1182 841 1300 919 viret

142 986 232 1039 uror
259 960 305 1038 ad
333 960 485 1040 eundem
511 962 715 1067 pertineant
738 961 864 1057 mutui,
892 961 1062 1043 audictis
1080 978 1193 1068 patet,
1210 991 1301 1043 cau-

141 1107 217 1163 sam
241 1083 417 1188 agendam
450 1108 531 1165 esse
565 1084 661 1193 apud
687 1085 916 1166 ordinarium
939 1078 1101 1167 eiusdem
1127 1091 1234 1185 rituc,
1264 1105 1300 1170 et

141 1210 237 1288 illius
265 1209 436 1289 dioecesis
463 1211 508 1289 ad
536 1238 643 1318 quam
671 1217 808 1294 ratione
836 1207 1002 1293 domicilii
1025 1206 1195 1317 coniuges
1219 1239 1301 1320 por-

142 1336 272 1414 tinent.
305 1336 367 1413 Sin
394 1351 513 1415 antem
542 1335 673 1416 diversi
701 1341 772 1417 sint
800 1342 904 1434 ritus,
927 1339 1069 1418 videtur
1088 1339 1182 1445 quod
1203 1341 1300 1418 sitin

141 1460 315 1539 electione
344 1460 473 1540 actoris
501 1484 667 1540 accusare
695 1454 958 1543 matrimonium
981 1463 1019 1542 in
1038 1488 1109 1569 quo
1135 1461 1301 1542 maluerit

142 1585 349 1663 alterutrius
376 1587 536 1688 coniugis
563 1584 652 1682 iuro,
675 1611 755 1666 cum
774 1586 866 1666 duae
885 1614 905 1665 a
924 1586 1138 1693 iurisperitis
1157 1599 1301 1666 notatae

142 1709 370 1789 verificentur
396 1711 631 1808 conditiones,
663 1712 796 1792 scilicet
823 1727 860 1791 et
887 1711 1047 1819 ceqcolc's
1074 1713 1225 1791 duorum
1247 1714 1304 1790 in-

142 1833 260 1913 dicum
288 1837 520 1942 competentia
548 1837 685 1915 ratione
713 1838 805 1917 ritus
831 1852 869 1918 et
896 1837 1077 1931 domicilii,
1108 1850 1145 1917 et
1165 1836 1304 1914 iustoc-

143 1959 216 2039 tt‘oe
240 1962 509 2068 perisormitos,
542 1988 622 2041 cum
656 1976 807 2068 uterque
839 1962 1051 2068 Episcopus,
1082 1962 1149 2041 riri
1177 1981 1303 2066 nempe

143 2100 179 2164 et
205 2090 341 2182 uxoris,
364 2090 410 2166 sit
425 2089 502 2166 inre
530 2089 606 2192 ipso
634 2086 741 2166 iudcr
767 2086 902 2193 primae
930 2088 1121 2166 instantiae
1141 2084 1186 2163 ad
1210 2084 1304 2163 iudi-

144 2211 296 2290 candum
312 2211 354 2291 de
371 2214 489 2291 valore
504 2211 680 2290 individui
695 2211 964 2290 matrimonialis
978 2221 1181 2290 contractus
1196 2208 1303 2313 (l).-

144 2335 257 2442 ldque
285 2337 474 2442 procedere
493 2335 636 2414 videtur
650 2339 724 2414 sire
744 2349 894 2440 uterque
915 2335 1043 2414 coniux
1062 2353 1175 2413 unum
1194 2332 1306 2411 idem-

144 2483 212 2567 que
241 2464 455 2543 domicilium
484 2464 635 2561 habeam
666 2465 741 2542 sire
770 2463 861 2542 alter
888 2463 935 2542 sit
962 2465 999 2542 in
1027 2480 1100 2541 una
1133 2461 1301 2555 dioecesi,

144 2587 234 2666 alter
260 2589 298 2665 in
318 2588 401 2666 alia.
423 2589 513 2678 Quia
532 2588 695 2692 quamvis
715 2612 804 2665 uxor
822 2591 923 2692 sequi
942 2585 1072 2666 debeat
1089 2586 1305 2664 domicilium

145 2712 276 2807 mariti,
308 2737 446 2818 semper
472 2712 590 2818 quoad
627 2713 827 2792 Orientales
859 2720 959 2792 extat
985 2712 1023 2790 in
1056 2728 1141 2790 casu
1167 2710 1207 2788 in
1234 2735 1305 2788 nno

145 2835 336 2942 eodemque
365 2838 454 2932 loco,
486 2850 523 2916 et
550 2848 808 2941 consequenter
827 2863 869 2916 eo
887 2839 994 2917 etiam
1021 2835 1166 2915 lociubi
1194 2833 1305 2913 domi-

144 2962 263 3041 cilium
300 2962 409 3041 habet
447 2964 609 3057 maritus,
645 2961 776 3066 duplex
810 2960 999 3057 dioecesis,
1035 2962 1147 3041 altera
1178 2983 1304 3063 nempe

144 3088 308 3194 Episcopi
336 3087 545 3194 Aleppensis
563 3112 621 3165 er.
645 3111 697 3189 gr.
729 3087 984 3166 Maronitarum
998 3085 1065 3164 viri
1092 3083 1301 3178 maronitae,

144 3211 255 3290 altera
275 3212 439 3318 Episcopi
459 3204 668 3317 Alcppansis
688 3210 933 3290 Eelchitarum
949 3211 1069 3289 uxoris
1087 3206 1300 3304 melchiae,

144 3349 250 3441 atque
280 3335 359 3415 ideo
395 3361 534 3442 semper
562 3349 638 3415 tum
665 3336 804 3415 ratione
837 3331 1027 3431 domicilii,
1060 3345 1134 3414 tum
1167 3332 1305 3412 ratione

144 3463 248 3556 ritus,
288 3473 377 3554 tum,
418 3462 448 3537 si
476 3460 587 3554 velis,
624 3459 761 3538 ratione
790 3458 1053 3538 individuitatis
1080 3469 1298 3550 contractus,

144 3584 401 3690 competentiae
415 3584 614 3688 aequalitas
633 3583 749 3665 adest.
767 3586 903 3662 -Haec
923 3597 1041 3663 tamen
1060 3585 1191 3679 omnia,
1213 3606 1305 3687 quae

148 3711 379 3791 Orientalium
406 3711 643 3790 Ecclesiarnm
672 3710 728 3789 ius
756 3724 923 3815 tangunt,
945 3711 1078 3790 indicio
1104 3728 1225 3789 eorum
1243 3711 1305 3813 qui

148 3836 256 3938 magis
287 3835 432 3940 sapiunt
463 3834 623 3914 subiecta
655 3837 747 3935 sint;
770 3869 793 3893 ε
816 3846 851 3914 et
884 3835 1096 3940 praesertim
1129 3856 1176 3912 an
1207 3831 1305 3910 aliud

147 3958 301 4063 legitima
332 3959 487 4040 locorum
524 3959 743 4040 consuetudo
776 3958 894 4065 quoad
930 3958 996 4039 lori
1034 3957 1304 4065 competentiam

147 4084 411 4189 praescripserit
438 4108 525 4189 prae
553 4083 665 4163 oculis
684 4082 875 4163 habeatur,

216 4398 251 4481 li)
270 4397 317 4466 Cir
337 4398 509 4464 Leurenlum
529 4396 580 4462 tte.
595 4409 621 4460 2,
642 4398 689 4462 tlt.
702 4403 729 4459 2.
744 4409 854 4475 quaest.
876 4405 928 4458 49:
948 4396 1024 4459 Nom
1044 4406 1127 4460 ceter
1139 4398 1303 4459 electionem

152 4495 210 4568 soti
228 4496 343 4564 hebeat,
366 4496 437 4552 dom
455 4510 523 4551 reos
541 4492 695 4565 multiplea
713 4492 814 4565 socom
831 4491 970 4548 sortitor.

226 4585 363 4662 mummi.
379 4583 412 4629 De
425 4579 619 4642 impedimento.
1232 4579 1257 4622 12
