3402 5292
533 799 984 856 ARGUMENTUM

256 1056 478 1135 Referuntur
507 1061 542 1134 S.
575 1060 612 1133 C.
645 1056 789 1134 Conoilii
819 1055 1055 1136 resolutiones
1070 1057 1107 1134 in
1123 1057 1338 1162 quibusdam

176 1181 481 1288 matrimoniorum
509 1181 626 1258 oausis
655 1179 750 1284 apud
778 1205 855 1258 eam
885 1180 1055 1285 promotis
1082 1206 1126 1262 ex
1150 1182 1258 1262 titulo
1285 1209 1343 1260 ra-

177 1319 277 1410 ptus.
309 1305 374 1382 llis
403 1317 522 1383 autem
551 1303 669 1382 dooori
697 1303 857 1383 videtur:

261 1427 310 1508 1⁰.
343 1433 500 1532 Raptum
528 1427 590 1532 qui
618 1425 724 1506 eadat
752 1427 819 1508 sub
848 1428 991 1506 Consilii
1019 1427 1249 1508 deoretonon
1277 1429 1343 1508 ha·

176 1551 253 1632 beri
281 1550 425 1655 quando
454 1565 596 1656 raptum
626 1550 845 1655 praecedunt
873 1551 1128 1632 concludentes
1154 1552 1198 1632 de
1218 1555 1343 1634 matri-

176 1675 294 1756 monio
322 1675 478 1754 ineundo
507 1687 698 1754 tractatos.

256 1800 307 1880 2⁰.
340 1805 417 1880 Non
446 1799 569 1878 adesse
589 1815 745 1904 raptum,
764 1801 825 1878 sod
841 1800 961 1904 potius
980 1801 1270 1884 contrahentium
1285 1803 1342 1882 lo-

177 1953 256 2030 gam
286 1925 329 2003 ad
359 1925 505 2029 nuptias
532 1922 772 2002 conciliandas
800 1924 830 2000 si
859 1923 913 2002 vir
940 1923 1016 2004 sine
1049 1925 1129 2006 dolo
1158 1927 1340 2008 mulierem

176 2077 221 2130 ex
249 2047 412 2130 oondioto
441 2048 597 2126 abduoat
625 2074 667 2126 ea
695 2073 802 2126 eausa
829 2048 925 2151 qood
955 2063 1133 2128 tractatus
1153 2051 1196 2130 de
1216 2051 1341 2132 matri·
1376 2061 1379 2068 ’

176 2173 294 2252 monio
322 2197 366 2250 ox
394 2185 586 2276 parentum
614 2171 834 2276 oppositione
863 2171 1026 2250 oonoludi
1055 2174 1296 2277 nequiverint.

259 2294 310 2374 3⁰.
342 2297 465 2396 Neque
493 2307 636 2398 raptum
665 2293 789 2372 haberi
803 2293 865 2372 sod
880 2293 1000 2396 lugam
1015 2295 1058 2374 ad
1077 2297 1341 2376 matrimonium

179 2418 326 2498 liberius
354 2415 636 2494 contrahendum
666 2416 696 2494 si
724 2441 795 2494 noo
823 2417 877 2494 vir
904 2417 1107 2496 sedmulier
1128 2420 1243 2498 virum
1271 2421 1342 2498 sol·-

179 2541 383 2636 lioitaverit‚
415 2554 456 2620 ut
484 2540 530 2618 ab
558 2565 599 2617 eo
626 2540 884 2619 abduceretur.

258 2665 309 2744 4⁰.
328 2669 457 2743 Contra
472 2689 555 2742 voro
571 2678 697 2768 raptus
712 2663 1003 2768 impedimentum
1021 2665 1145 2745 haberi
1165 2667 1195 2744 si
1215 2667 1341 2746 mulier

180 2793 319 2876 insidiis
346 2807 383 2872 et
411 2792 542 2870 dolosis
569 2791 882 2870 sollicitationibus
909 2791 975 2868 viri
1009 2779 1218 2872 meditantis
1246 2793 1342 2898 rapi-

179 2943 261 2996 nam
289 2915 505 3008 abduoatur‚
523 2928 564 2991 ut
580 2912 709 2992 deinde
736 2912 804 2993 sub
832 2915 986 3018 raptoris
1002 2915 1140 2994 inlluxu
1160 2915 1196 2994 in
1216 2917 1341 2996 matri-

177 3042 335 3122 monium
362 3039 562 3118 oonsentire
592 3052 754 3140 cogatur.

725 3309 786 3384 lv.

277 3557 323 3632 Ito
342 3551 539 3628 matrimonii
562 3551 671 3628 volort
693 3552 728 3626 iu
752 3555 860 3630 ordino
882 3557 924 3629 ad
945 3559 1073 3650 ruptum
1094 3557 1242 3632 motioni

573 3659 684 3751 raptui
706 3665 951 3738 eonsentientis.

259 3922 294 3992 l.
322 3915 406 3990 Cum
436 3929 539 3994 tanta
558 3910 759 4018 reperiatur
779 3911 872 3990 inter
891 3926 1055 3992 auctores
1073 3913 1337 3992 sententiarum

179 4035 348 4131 varietaS,
371 4039 462 4116 oiroa
485 4051 610 4142 raptus
626 4035 932 4140 impedimentum,
956 4035 1099 4138 quando
1114 4035 1233 4139 puella
1248 4061 1340 4139 quae

178 4158 383 4255 abducitur,
414 4161 533 4266 raptui
548 4160 763 4252 consentiat,
797 4173 955 4263 praestat
975 4161 1147 4238 nonnulla
1164 4162 1341 4264 attingere

179 4307 222 4359 en
250 4284 339 4362 antis
367 4289 403 4361 S.
436 4289 473 4362 C.
505 4289 543 4363 C.
584 4307 675 4388 quae
704 4282 798 4361 hano
830 4281 1013 4360 materiam
1052 4281 1262 4387 respiciunt.
1295 4288 1340 4363 Et

179 4407 346 4510 quoniam
374 4408 419 4486 ab
447 4407 653 4488 auctoribus
670 4405 817 4484 allertur
830 4405 1006 4511 quaedam
1026 4419 1169 4486 vetusta
1186 4411 1222 4486 S.
1243 4413 1280 4488 C.
1299 4414 1338 4488 C.
