3424 5300
900 501 938 516 —
961 469 1018 534 tut
1038 499 1075 514 -

406 604 466 668 tur
493 617 599 696 quam
627 591 842 695 negantibus
860 593 943 673 licet
962 593 1140 700 pluribus,
1162 589 1231 668 nisi
1250 601 1368 666 tamen
1388 585 1569 694 deponant

310 757 313 769 ·
406 713 450 795 de
479 720 642 820 negativa
672 719 910 824 propositione
932 721 1006 798 loco
1022 745 1062 797 ac
1087 733 1242 822 tempore
1262 727 1454 810 coarctata,
1477 739 1571 820 quae

407 841 502 921 cadit
529 842 605 921 suh.
626 843 778 922 hominis
807 841 949 924 sensum
982 843 1056 952 (1).
1081 847 1286 922 -Ceterum
1320 867 1399 920 cum
1427 841 1471 919 de
1505 842 1571 919 im-

406 965 609 1072 pedimento
636 970 977 1072 consanguineitatis
1005 969 1138 1072 agitur,
1161 966 1191 1046 si
1212 967 1334 1071 plures
1354 991 1500 1044 numero
1521 979 1575 1043 te-

409 1105 482 1170 stes
501 1093 692 1198 propinqui
707 1107 743 1172 et
763 1093 880 1172 idonei
901 1092 1264 1196 consanguineitatem
1282 1088 1406 1167 adesse
1424 1101 1571 1193 negent,

406 1229 516 1322 atque
544 1217 579 1296 id
608 1218 645 1296 in
665 1214 795 1297 iu'dicio
816 1231 1007 1314 testentur,
1031 1218 1117 1324 ipsis
1137 1215 1249 1318 magis
1268 1214 1484 1294 credendum
1499 1229 1569 1310 est,

405 1368 512 1448 quam
541 1343 620 1422 aliis
649 1343 1016 1447 consanguineitatem
1044 1345 1137 1422 inter
1170 1340 1421 1420 contrahentes
1449 1341 1573 1419 matri·

405 1468 563 1547 monium
591 1469 716 1548 adesse
744 1467 1019 1564 affirmantibus,
1051 1482 1089 1546 at
1117 1491 1264 1546 numero
1286 1466 1516 1572 paucioribus
1534 1481 1572 1545 et

405 1593 522 1670 minus
551 1591 687 1672 idoneis
716 1593 730 1694 (
759 1590 789 1696 ).

484 1720 536 1794 Er
565 1717 621 1795 his
649 1729 768 1796 autem
786 1716 950 1795 omnihus
978 1714 1069 1794 illud
1089 1717 1176 1793 iuris
1196 1715 1411 1819 principium
1431 1716 1566 1795 elucet:

407 1847 520 1920 Testes
549 1867 619 1920 noc
647 1853 730 1920 sunt
757 1841 986 1928 numerandi,
1015 1839 1074 1918 sed
1099 1839 1335 1945 ponderandi.

491 1977 552 2047 13.
585 1974 637 2056 Dc
664 1969 806 2046 testium
834 1969 1019 2054 citatione,
1044 1965 1290 2072 productione,
1310 1967 1510 2046 iuramento
1538 1979 1572 2044 et

403 2093 580 2170 acumine.

486 2221 607 2297 Testes
635 2219 697 2324 qui
726 2217 771 2296 ad
800 2215 1022 2322 probandum
1051 2213 1283 2308 adhibentur,
1306 2217 1447 2293 suntin
1476 2214 1572 2294 iudi-

405 2343 499 2420 cium
527 2341 759 2448 producendi,
792 2341 887 2422 datis
915 2339 1011 2446 apud
1030 2353 1109 2418 acta
1133 2365 1253 2419 eorum
1274 2339 1491 2437 nominihus
1514 2343 1571 2421 vel

409 2467 571 2570 allegatis
601 2492 721 2546 eorum
754 2465 1086 2546 entraiudicialihus
1114 2463 1341 2544 testimoniis.
1383 2464 1571 2543 Ordinarie

404 2603 477 2668 tres
499 2605 636 2669 tantum
657 2591 802 2670 testium
822 2589 1073 2695 productiones
1089 2588 1165 2668 [ieri
1185 2603 1220 2666 et
1240 2588 1379 2666 admitti
1396 2602 1566 2694 possunt:

402 2727 531 2820 quarta
559 2741 603 2794 ex
632 2719 727 2795 iusta
747 2740 854 2794 causa
874 2729 910 2792 et
928 2739 1008 2792 cum
1023 2714 1128 2817 legali
1157 2713 1380 2792 solemnitate
1401 2713 1567 2793 concedi-

401 2851 462 2918 tur
490 2839 563 2946 (3).
595 2844 687 2919 Item
706 2839 918 2942 regulariter
932 2837 1034 2917 citari
1061 2851 1097 2916 et
1116 2837 1254 2916 evocari
1278 2836 1411 2918 dehent
1433 2853 1561 2936 testes;

403 2962 511 3068 idque
529 2961 710 3043 hodiernis
730 2963 888 3042 moribus
907 2963 1021 3042 officio
1041 2961 1169 3041 iudicis
1188 2963 1243 3042 fn.

482 3089 517 3167 Si
547 3103 657 3170 testes
685 3089 850 3195 producti
879 3087 1016 3167 alienae
1045 3089 1117 3166 sint
1145 3089 1415 3186 iurisdictionis
1447 3093 1570 3197 isqui

402 3212 533 3292 iudicio
562 3228 718 3320 praeest,
751 3213 859 3293 debet
886 3212 1106 3292 ordinarium
1134 3213 1286 3296 iudicem
1303 3218 1447 3297 testium
1476 3241 1572 3296 ccm-

402 3350 584 3442 petentem
612 3364 675 3444 per
703 3339 826 3417 literas
854 3338 1050 3444 requirere,
1082 3350 1124 3416 ut
1151 3363 1211 3418 eos
1239 3341 1283 3420 ad
1303 3367 1340 3421 se
1360 3368 1424 3422 seu
1452 3343 1497 3422 ad
1517 3344 1571 3424 lo-

401 3486 480 3541 cum
509 3463 630 3543 mittat
658 3462 795 3542 iudicii.
827 3466 896 3540 Eos
924 3461 1018 3541 enim
1046 3463 1156 3540 citare
1183 3467 1309 3570 nequit
1337 3469 1468 3574 quippe
1497 3495 1570 3550 non

400 3584 576 3666 subditos.
600 3587 746 3678 -Quod
775 3587 805 3664 si
836 3586 933 3708 gravi
961 3585 1082 3691 aliqua
1110 3611 1154 3664 ex
1192 3613 1299 3668 causa
1333 3593 1388 3670 vei
1417 3593 1569 3700 impedi-

401 3713 520 3794 mento
550 3727 659 3794 testes
692 3711 858 3792 accedere
892 3725 1075 3816 nequeant
1103 3711 1147 3790 ad
1184 3713 1298 3794 locum
1331 3717 1469 3814 iudicii,
1502 3721 1570 3801 hoc

400 3837 438 3914 in
466 3863 551 3917 casu
580 3865 600 3916 a
628 3837 849 3922 moderatore
879 3849 1038 3916 actorum
1058 3837 1096 3915 in
1114 3840 1232 3918 causis
1247 3843 1570 3926 matrimonialibus

401 3976 568 4042 accurata
618 3961 680 4052 [iat
721 3961 877 4041 omnium
923 3959 1096 4040 factorum
1134 3989 1175 4042 ac
1221 3969 1572 4052 circumstantiarum

410 4215 412 4222 y
470 4137 507 4211 (lt
527 4138 574 4196 Ctr
595 4140 624 4195 iu
644 4137 690 4194 his
709 4135 826 4222 Ptrhtng
847 4137 899 4194 tib.
921 4143 947 4196 2.
963 4137 1009 4194 n't.
1031 4143 1075 4193 20.
1092 4151 1151 4196 ac.
1169 4140 1222 4195 555
1236 4143 1315 4202 adn.
1334 4150 1393 4216 455,
1416 4149 1465 4220 qui
1481 4149 1568 4221 plura

398 4241 435 4284 ex
454 4227 602 4284 Furinacto
622 4226 774 4298 depromit,
794 4237 940 4297 quemque
958 4225 1072 4298 allegat.

468 4316 503 4385 (tt
525 4319 565 4373 Etr
583 4331 646 4388 cap.
666 4331 734 4374 cum
753 4315 787 4372 tn
806 4323 861 4372 tuo
881 4319 923 4382 55,
946 4313 979 4370 de
998 4314 1117 4372 testibus
1135 4322 1162 4373 et
1181 4321 1434 4382 attestationibus.

468 4403 505 4476 (3)
525 4407 592 4477 Cap.
612 4406 647 4462 tn
664 4405 760 4464 curuis
773 4409 816 4461 55.
830 4406 926 4463 iuncto
938 4419 1002 4475 cop.
1022 4401 1104 4462 auru
1119 4410 1161 4474 55,
1180 4407 1214 4464 dc
1232 4413 1353 4472 tectibus
1366 4425 1391 4474 ct
1406 4423 1570 4478 attestor.-

402 4497 434 4556 V.
453 4495 627 4562 Laurentum
647 4495 666 4556 t.
687 4511 711 4556 c.
735 4509 799 4570 cop.
820 4501 846 4554 5.
866 4501 977 4572 quaeat.
998 4498 1052 4548 555
1069 4501 1097 4554 ct
1114 4499 1178 4553 617.
