3406 5302
866 400 983 466 -232
1003 433 1040 450 -

379 523 578 630 delegatur,
608 539 644 606 et
670 537 747 605 tum
773 524 971 608 validitatis
997 526 1211 607 matrimonii
1238 524 1429 620 defensori,
1462 541 1536 604 tum

381 649 571 752 conjugum
599 649 783 746 advocato,
814 676 903 756 quos
930 651 1024 732 inter
1051 652 1095 730 lis
1114 651 1231 730 luerat
1248 661 1462 742 contestata,
1484 649 1539 727 in·

310 853 312 860 ,
381 776 543 878 iungitur
569 788 612 855 ut
638 774 695 854 dic
726 783 745 854 7
776 774 928 854 ianuarii
968 784 1068 856 1870
1097 774 1142 855 ad
1169 799 1313 855 oausam
1344 773 1539 852 discutien-

381 897 472 978 dam
491 899 529 977 in
557 923 700 980 arenam
719 897 951 995 descendant,
974 912 1011 979 et
1029 899 1273 978 conclusiones
1292 897 1376 976 lacti
1394 910 1431 976 et
1450 895 1537 974 iuris

380 1047 489 1129 penes
518 1035 596 1103 aeta
625 1022 833 1103 exhibeant.
864 1027 956 1102 Huic
983 1022 1124 1104 decreto
1152 1021 1472 1127 obediuntpartes‚
1494 1043 1534 1096 ca

379 1159 501 1227 tamen
528 1148 706 1226 contraria
734 1146 884 1243 ratione,
916 1173 987 1253 qua
1014 1147 1195 1253 quaelihet
1223 1145 1269 1225 ab
1284 1145 1399 1226 officio
1417 1166 1537 1224 susce·

378 1284 440 1378 pto
467 1270 663 1352 terebatur.

458 1407 497 1478 9.
529 1397 581 1476 td
610 1397 771 1478 tramites
798 1400 920 1503 itaque
948 1402 1009 1478 cit.
1047 1397 1228 1477 Benedicti
1254 1401 1333 1476 xlv
1362 1398 1542 1480 Constitu·

379 1521 501 1618 tionis,
533 1520 728 1600 validitatis
747 1520 961 1601 matrimonii
981 1519 1146 1601 defensor
1165 1521 1417 1602 animadvertit
1435 1546 1539 1628 prae-

378 1645 503 1754 cipue:
526 1691 550 1707 -
570 1645 715 1740 Titium,
746 1657 870 1751 utpote
898 1645 1130 1740 haereticum,
1153 1645 1351 1727 subiectum
1371 1673 1444 1728 non
1462 1671 1538 1726 esse

377 1771 446 1876 legi
461 1770 638 1850 Ecclesiae
653 1772 690 1850 in
709 1769 901 1850 catholicos
915 1782 1056 1849 tantum
1070 1769 1178 1866 latae,
1199 1771 1317 1876 qualis
1331 1785 1384 1851 est
1398 1797 1542 1878 eaquae

378 1895 478 1977 iubet
505 1895 756 1976 celebrandum
775 1919 853 1974 esse
867 1895 1129 1974 matrimonium
1149 1920 1264 1974 coram
1279 1897 1421 2003 proprio
1440 1923 1543 2003 paro-

378 2021 615 2124 ch03-nequc
630 2019 771 2098 obstare
785 2017 981 2097 arbitratur
994 2017 1090 2124 quod
1105 2018 1216 2098 altera
1231 2045 1314 2126 pars
1329 2021 1542 2100 contrahens

377 2151 424 2227 sit
451 2143 642 2226 catholica:
673 2142 758 2223 huic
784 2142 878 2222 enim
911 2141 1040 2250 Titium
1068 2147 1325 2223 communicare
1360 2145 1543 2226 contendit

377 2268 601 2378 privilegium
631 2266 864 2372 exemptionis
883 2291 904 2342 a
923 2264 999 2370 lege
1032 2266 1240 2362 tridentina,
1271 2291 1342 2372 quo
1365 2267 1441 2373 ipse
1468 2267 1543 2348 lru-

376 2399 451 2476 itur
476 2393 532 2474 vel
556 2394 694 2472 ratione
716 2391 784 2471 loci
796 2391 835 2470 io
849 2415 917 2496 qoo
931 2391 1148 2479 dubitatve!
1162 2395 1299 2474 rotiorte
1316 2394 1490 2474 societatis
1504 2397 1542 2474 io

377 2544 449 2626 poc
463 2515 855 2624 vicit(Bened.XlVde
871 2515 1178 2620 Spoodo,lib.6.c.
1193 2525 1231 2596 6.
1249 2543 1286 2596 a.
1304 2519 1384 2622 12);
1397 2530 1541 2598 -utram

378 2669 449 2748 que
477 2666 560 2747 vero
582 2639 754 2720 rationem
779 2651 815 2718 et
828 2639 895 2718 loci
914 2651 949 2718 et
969 2640 1148 2720 societatis
1171 2641 1216 2720 ad
1232 2667 1351 2722 casum
1365 2641 1541 2747 quadrare

379 2766 571 2861 subsumit‚
594 2766 698 2842 immo
713 2788 796 2842 vero
811 2763 917 2842 etiam
932 2763 1461 2845 corroborarideclarationibus
1475 2769 1543 2844 Be-

380 2891 510 2971 nedicti
523 2891 603 2968 XIV
614 2887 684 2967 diei
701 2893 920 2992 3apr.1752
935 2885 1052 2992 quoad
1067 2887 1286 2968 validitatem
1302 2889 1543 2970 matrimonio-

379 3041 458 3095 rum
472 3012 765 3108 Helvetiorum;-
781 3035 846 3091 nec
860 3009 1001 3090 obstare
1015 3012 1210 3117 praesumit
1223 3012 1319 3118 quod
1334 3013 1448 3092 Titius
1462 3038 1544 3091 ma·

307 3153 308 3156 ‘
379 3138 585 3220 trimoninm
604 3139 642 3216 in
657 3135 762 3215 ltalia
780 3135 915 3232 inierit,
933 3136 971 3214 in
1001 3162 1072 3242 qua
1091 3137 1298 3217 Tridentino
1318 3138 1374 3217 lex
1389 3137 1457 3218 luit
1471 3139 1539 3218 rite

385 3261 622 3370 promulgata,
645 3285 725 3340 cum
743 3261 850 3339 etiam
869 3259 954 3339 alibi
973 3259 1193 3341 clandestina
1212 3263 1436 3343 matrimonia
1456 3263 1542 3344 hae-

382 3387 574 3465 reticorum
600 3383 757 3478 valeant,
788 3382 851 3462 ubi
879 3383 1076 3476 tridentini
1101 3385 1280 3465 decretum
1299 3385 1367 3465 luit
1385 3387 1542 3492 promul-

386 3522 532 3614 gatum3
555 3509 744 3614 -insuper
771 3506 864 3586 hanc
892 3512 928 3586 S.
959 3511 998 3586 G.
1029 3507 1228 3590 declarasse
1260 3511 1318 3590 die
1349 3519 1395 3590 16
1423 3511 1541 3592 martii

388 3643 504 3730 1780,
536 3631 831 3712 dissimulandum
859 3657 936 3712 esse
964 3631 1056 3712 circa
1071 3634 1372 3714 matrimoniorum
1395 3636 1542 3715 firmita-

381 3771 453 3839 tem
481 3757 526 3836 ab
554 3756 742 3836 haereticis
770 3755 938 3836 initorum
966 3755 1124 3854 incurso,
1155 3783 1262 3864 quam
1289 3758 1542 3839 dissimulatio·

382 3909 463 3964 nem
494 3882 639 3962 tacitam
667 3881 857 3986 importare
886 3881 1176 3988 approbationem
1203 3884 1368 3980 affirmat,
1395 3898 1430 3964 et
1449 3911 1542 3964 com-

383 4005 557 4087 municari
585 4004 807 4112 privilegium
836 4005 867 4083 si
894 4030 973 4085 cum
1000 4020 1101 4112 parte
1121 4008 1316 4105 catholica3
1338 4053 1362 4070 -
1382 4009 1439 4088 his
1458 4035 1542 4090 oon-

386 4130 531 4213 ccrdarc
559 4143 721 4234 autumat
748 4129 1004 4211 declarationes
1032 4157 1073 4210 ac
1100 4133 1352 4214 instructiones
1375 4137 1428 4214 Pii
1457 4141 1540 4216 l'lll

386 4267 422 4334 et
448 4255 606 4358 Gregorii
634 4257 728 4350 XVI,
758 4253 820 4361 qui
840 4254 1051 4352 docuerunt,
1073 4258 1295 4338 matrimonia
1313 4260 1423 4340 mixta
1443 4259 1541 4340 clan-

388 4377 526 4458 destine
553 4391 752 4474 contracta,
781 4380 943 4485 quamvis
957 4379 1095 4479 illicita,
1117 4405 1194 4464 esse
1212 4389 1333 4465 tamen
1352 4385 1484 4482 valida,
1506 4401 1542 4467 et
