3446 5298
852 421 1026 484 -408-

358 557 395 622 et
414 543 690 624 acatholicorum
705 559 960 641 conventuum,
978 544 1111 651 quibus
1126 544 1335 650 praesertim
1350 543 1533 622 matrimo-

358 665 498 744 niorum
527 667 675 745 nollitas
704 667 922 764 declaratur,
941 693 1134 773 eorumque
1155 667 1308 746 vinculis
1327 677 1531 746 attentatur

358 789 562 888 dissolutio,
594 792 732 869 nullum
761 791 885 888 robur,
916 793 1058 897 vimque
1078 817 1225 898 prorsus
1254 791 1388 870 nullam
1417 808 1529 895 penes

358 913 549 992 Ecclesiam
569 914 737 1020 consequi
756 941 873 1020 posse.
894 921 981 995 Nam
1010 929 1261 1021 praeterquam
1288 913 1384 1020 quod
1404 912 1450 990 ad
1470 937 1530 991 ec-

358 1037 575 1117 clesiasticos
603 1039 739 1118 iudices
770 1041 944 1144 privative
964 1055 1101 1147 spectat
1116 1041 1159 1119 de
1188 1039 1392 1119 huiusmodi
1411 1040 1530 1118 causis

358 1161 530 1241 iudicium
552 1163 658 1261 serre,
680 1179 788 1270 prout
807 1191 826 1242 a
845 1165 1043 1245 tridentina
1063 1165 1205 1272 Synodo
1225 1165 1370 1270 speciali
1394 1189 1529 1244 canone

359 1289 553 1385 sancitum,
570 1291 747 1368 neminem
758 1289 847 1369 latet
866 1289 1127 1370 haereticorum
1146 1289 1358 1370 consistoria
1373 1289 1409 1366 in
1425 1313 1530 1394 prae-

358 1409 443 1490 latis
471 1412 589 1490 causis
627 1411 871 1518 expendendis
899 1439 940 1492 33
968 1411 1224 1510 diiudicandis,
1256 1437 1317 1493 eas
1344 1425 1385 1490 ut
1414 1412 1528 1516 pluri-

359 1559 455 1611 mum
484 1559 611 1614 causas
639 1559 704 1641 pro
732 1536 865 1614 vinculi
885 1537 1082 1641 coniugalis
1097 1537 1275 1616 solutione
1302 1551 1526 1642 praeterere,

359 1685 452 1764 quae
489 1658 535 1738 ab
571 1660 729 1738 Ecclesia
766 1661 940 1739 catholica
969 1687 1162 1766 numquam
1198 1675 1379 1766 receptae,
1411 1660 1480 1738 imo
1508 1685 1529 1736 a

358 1785 594 1862 sacrosanctis
621 1784 800 1863 Ecclesiae
829 1786 1006 1880 ConciliiS,
1030 1801 1175 1891 atquea
1195 1785 1403 1865 Tridentino
1422 1807 1528 1889 prae·

359 1907 482 1986 sertim
511 1907 570 2012 (1)
599 1933 766 2013 expresse
796 1893 1016 2014 improbatae
1044 1924 1142 1989 sunt.
1167 1914 1311 2014 linquo
1338 1933 1424 1988 sane
1444 1933 1531 1987 con-

359 2033 778 2136 sequitur,·sententias
816 2033 1019 2112 huiusmodi
1057 2047 1134 2112 turn
1168 2057 1307 2138 semper
1345 2047 1526 2137 tamqnam

360 2157 480 2235 irritas
509 2155 554 2234 ob
583 2156 839 2238 iurisdictionis
868 2157 1044 2239 delectum
1064 2159 1102 2236 in
1118 2158 1313 2254 iudicibus
1331 2171 1406 2236 tum
1421 2181 1528 2261 saepe

360 2281 468 2359 etiam
496 2294 678 2386 tamquam
706 2281 859 2360 iniustas
874 2282 918 2361 ob
938 2282 1106 2361 damnata
1125 2297 1303 2362 momenta
1332 2281 1525 2374 rationum,

359 2405 492 2510 quibus
521 2407 740 2503 innituntur,
772 2411 950 2488 contemni
979 2433 1019 2488 33
1047 2409 1145 2488 reiici
1174 2411 1317 2486 omnino
1346 2405 1490 2484 debere.

439 2534 569 2609 Verum
589 2557 669 2610 cum
688 2533 893 2636 contingere
912 2533 1128 2638 quandoque
1148 2533 1275 2638 possit,
1298 2545 1339 2610 ut
1358 2530 1426 2635 ipsi
1445 2555 1531 2608 con-

358 2659 459 2760 iuges
488 2684 508 2734 a
537 2657 745 2736 consistorio
765 2657 960 2737 acatholico
989 2657 1144 2760 coniugii
1165 2656 1306 2735 vinculo
1325 2655 1432 2734 soluti
1447 2680 1531 2733 sen-

361 2779 475 2877 tiant,
511 2781 647 2858 nullam
689 2783 757 2859 vim
798 2782 914 2860 inesse
952 2780 1048 2886 apud
1086 2781 1280 2859 Ecclesiam
1317 2779 1528 2858 catholicam

291 3005 295 3014 Ι
360 2903 560 2982 istiusmodi
589 2903 734 2998 iudicio,
766 2915 873 3010 atque
902 2904 1032 2983 idcirco
1060 2904 1274 3010 percupiant
1301 2903 1379 2981 eins
1408 2915 1532 2980 ancto-

363 3027 470 3106 ritate
498 3029 762 3107 matrimonium
791 3029 942 3123 solvere,
973 3053 1102 3134 operae
1131 3030 1287 3134 pretinm
1314 3043 1382 3122 333,
1414 3027 1528 3130 signi-

361 3149 467 3229 ficare
496 3151 561 3230 tibi
580 3153 756 3256 quomodo
771 3152 879 3231 iudex
899 3151 1162 3230 ecclesiasticus
1182 3177 1220 3230 33
1240 3177 1363 3255 gerere
1382 3149 1526 3228 debeat.

360 3277 403 3351 ln
433 3274 499 3352 hoc
527 3276 636 3377 igitur
665 3275 886 3356 instituendo
915 3276 1045 3354 iudicio
1074 3275 1218 3354 curabit
1241 3276 1393 3380 primum
1422 3273 1529 3352 iudex

360 3396 641 3495 ecclesiasticus,
681 3413 722 3478 ut
759 3401 795 3478 in
843 3399 1071 3478 conficiendis
1113 3399 1203 3478 actis
1244 3396 1434 3478 methodus
1469 3395 1529 3475 illa

360 3519 518 3624 ordoque
546 3535 723 3618 servetur,
746 3526 808 3626 qui
828 3547 848 3599 a
868 3524 1101 3628 praelaudato
1121 3522 1315 3602 Benedicta
1333 3523 1414 3600 XIV
1434 3525 1526 3599 Con-

361 3643 549 3722 stitutione
584 3671 676 3749 quae
705 3647 830 3752 incipit
861 3649 968 3726 <Dei
994 3647 1265 3726 miseratione»
1296 3645 1355 3750 (t)
1391 3644 1532 3749 perspi·

360 3791 425 3872 cue
457 3768 709 3874 sapienterque
746 3771 1015 3876 praescribitur.
1056 3769 1157 3860 Quod
1195 3771 1226 3848 si
1265 3794 1335 3847 non
1376 3767 1468 3846 ferat
1495 3765 1532 3845 id

360 3917 478 3970 rerum
517 3905 786 3999 temporumque
824 3895 998 3988 conditio,
1030 3893 1236 3974 facultatem
1275 3893 1355 3988 tibi,
1387 3917 1429 3970 ac
1465 3915 1529 3996 per

360 4027 396 4092 te
411 4017 596 4122 Episcopis
610 4017 844 4122 suffraganeis
865 4021 937 4098 tuis
956 4019 1287 4098 communicandam
1302 4017 1369 4094 hoc
1389 4015 1426 4094 in
1446 4040 1531 4094 casu

361 4139 406 4216 ad
435 4141 721 4245 quinquennium
749 4141 974 4222 concedimus
1003 4157 1039 4222 et
1067 4143 1291 4248 impertimur
1320 4169 1340 4219 a
1370 4139 1532 4247 praelata

433 4333 470 4406 ll}
491 4337 560 4392 3333.
576 4341 621 4394 23.
636 4337 707 4393 Can.
724 4342 750 4392 t.
766 4343 793 4394 et
805 4341 831 4391 7.

431 4420 470 4494 (9)
490 4423 597 4480 Bullar.
621 4427 698 4481 Tem.
715 4425 990 4484 303333333111.
