3424 5300
698 467 871 530 -125-

198 592 299 670 nium
327 591 530 687 dirimatur,
561 617 639 672 cum
659 591 763 686 duas,
785 604 941 696 tempore
961 615 1046 685 uno,
1070 590 1363 689 heteromeres,

200 741 266 795 nec
293 717 370 822 ipsa
408 718 505 820 origo
537 718 713 796 humanae
746 716 959 795 conditionis
993 714 1175 812 admittat,
1213 741 1278 796 nec
1309 718 1366 797 lex

200 841 481 920 Christianorum
509 842 582 920 ulla
611 842 806 948 permittat.
828 884 853 900 -
872 841 1031 918 Alterum
1050 841 1172 945 itaque
1187 845 1371 923 matrimo-

198 967 298 1042 nium
328 967 469 1044 omnino
496 965 662 1070 prohibet
690 965 860 1057 Ecclesia,
891 965 960 1042 nisi
989 989 1099 1070 quum
1130 967 1233 1047 adest
1262 973 1369 1049 certi-

199 1088 287 1166 tudo
306 1089 431 1167 saltem
450 1089 594 1166 moralis
613 1087 656 1166 de
676 1101 787 1166 morte
807 1089 935 1193 prioris
954 1089 1130 1192 coniugis.
1153 1091 1367 1172 Huiusmodi

200 1227 319 1292 autem
348 1213 525 1294 certitudo
552 1239 624 1292 non
651 1213 807 1292 habetur
833 1239 876 1292 er
909 1213 1072 1292 absentia
1089 1215 1282 1293 multorum
1302 1242 1367 1294 an-

199 1362 340 1433 norum,
371 1340 479 1418 etiam
506 1337 601 1416 ultra
634 1339 858 1443 septennium
890 1351 952 1416 aut
985 1337 1212 1435 decennium,
1248 1365 1367 1446 neque

199 1489 242 1542 ex
271 1462 346 1542 sola
375 1463 481 1559 fama,
512 1462 573 1542 sed
605 1489 648 1542 er
676 1464 782 1542 certis
810 1463 950 1540 nunciis
972 1463 1096 1569 »⁶(t).

567 1716 570 1724 ’
604 1747 858 1824 turranius
886 1747 950 1824 rr.

476 1975 520 2048 Ite
543 1973 821 2048 clandestinitctia
843 1973 1082 2066 impedimento·

242 2277 248 2290 .
281 2215 316 2284 1.
349 2205 611 2282 Matrimonium
644 2204 786 2308 proprie
822 2202 1081 2282 clandestinum
1115 2205 1364 2286 diciturillud

200 2330 294 2436 qnod
324 2311 471 2434 absque'
487 2329 632 2433 parochi
661 2353 701 2406 ac
729 2329 874 2407 testium
903 2333 1103 2434 praesentia
1119 2331 1362 2430 contrahitur;

199 2453 390 2559 improprie
418 2451 675 2531 clandestinum
704 2465 946 2557 nuncupatur,
977 2452 1073 2558 quod
1101 2479 1172 2532 non
1193 2457 1366 2560 praemis-

200 2579 248 2656 sis
262 2577 485 2656 contrahitur
504 2575 854 2654 denunciationibus.
878 2577 1015 2654 Omissa
1036 2575 1103 2654 hac
1119 2577 1245 2672 altera,
1270 2603 1363 2682 quae

198 2700 461 2779 matrimonium
489 2699 651 2777 illicitum
679 2723 750 2776 non
778 2699 918 2778 irritam
950 2697 1049 2792 iacit,
1086 2698 1130 2778 de
1148 2701 1261 2804 prima
1282 2713 1364 2804 tan-

198 2837 273 2903 tum
303 2822 603 2902 clandestinitatis
639 2821 756 2926 specie
788 2823 964 2924 agendum
994 2823 1053 2901 hic
1084 2837 1154 2919 est,
1185 2837 1364 2930 quatenus

198 2947 462 3024 matrimonium
491 2945 638 3025 dirimit.
1402 2953 1406 2959 ’

278 3081 315 3150 2.
348 3071 574 3150 Clandestina
589 3069 752 3172 coniugia
768 3070 914 3151 suerunt
932 3097 1071 3177 semper
1090 3071 1236 3158 illicito,
1257 3071 1364 3178 quip-

196 3221 241 3301 pe
269 3196 316 3274 ab
343 3195 500 3274 Ecclesia
520 3194 675 3297 graviter
693 3194 887 3299 prohibita,
911 3209 951 3274 ut
970 3223 1011 3275 er
1032 3197 1155 3275 maltis
1174 3195 1285 3274 sacris
1305 3221 1365 3275 ca-

197 3321 353 3399 nonibus
381 3331 533 3398 constat.
558 3320 614 3397 Sic
633 3319 821 3397 Hormisda
840 3323 935 3424 Papa
951 3318 1010 3425 (E)
1030 3321 1209 3399 decrevit:
1231 3320 1363 3399 Nullus

195 3445 326 3550 fidelis,
360 3444 606 3548 cuiuscumque
634 3443 843 3522 conditionis
871 3444 932 3540 sit,
964 3443 1095 3523 occulte
1126 3445 1271 3550 nuptias
1303 3446 1364 3549 sa·

196 3569 285 3656 aiot,
315 3567 374 3648 sed
401 3567 635 3647 benedictione
661 3578 803 3673 occepta
831 3594 854 3645 a
881 3567 1074 3654 sacerdote,
1099 3568 1239 3674 publice
1253 3567 1363 3646 nudat

197 3694 236 3770 in
264 3691 419 3770 domino.
443 3695 587 3794 -Hanc
614 3703 732 3770 autem
762 3717 903 3794 gravem
923 3691 1199 3798 prohibitionem
1215 3689 1364 3769 Triden-

196 3821 312 3900 tinum
342 3818 398 3895 his
426 3817 571 3894 denotat
599 3817 735 3894 verbis:
759 3820 916 3893 Trunrsr
944 3815 1179 3894 dubitandam
1207 3839 1276 3893 oon
1296 3827 1362 3902 est,

197 3938 419 4022 clandestina
453 3929 699 4026 matrimonia,
717 4027 721 4036 ¹
738 3937 846 4018 libero
879 3939 1162 4017 contrahentium
1197 3963 1363 4017 consensu

196 4067 312 4172 sueto,
343 4077 426 4144 rata
454 4076 486 4144 et
513 4089 599 4144 aera
627 4088 698 4142 esse
724 4061 971 4150 matrimonio,
1010 4062 1171 4167 quaudiu
1208 4059 1364 4142 Ecclesia

269 4295 305 4368 (1)
324 4295 459 4368 synodos
481 4297 630 4367 Syrorum
644 4323 662 4334 -
674 4290 897 4350 Maronitarum
923 4291 957 4347 in
976 4293 1071 4348 Monte
1088 4291 1201 4348 Libano
1219 4289 1365 4347 celebrata

196 4401 248 4443 an.
272 4389 350 4450 175⁶,
370 4389 450 4456 port.
470 4389 497 4441 t.
515 4397 579 4455 cop.
602 4388 644 4438 Η.
665 4382 694 4452 S.
715 4388 741 4437 8.
761 4395 792 4436 a.
814 4383 844 4436 Χ.

269 4473 304 4546 (t)
325 4476 391 4544 Can.
411 4473 518 4530 nattes
536 4479 562 4526 2.
582 4487 662 4530 ecus.
682 4477 727 4528 aa.
747 4469 903 4543 quaesto.
