3424 5300
869 497 902 509 -
928 461 984 525 156
1005 495 1040 509 -

369 589 453 664 timo
481 613 522 664 ac
550 586 682 682 valido,
714 587 788 668 sive
816 601 1059 667 consummato
1088 585 1162 666 sive
1178 599 1255 666 rato
1275 597 1430 680 tantum,
1453 609 1538 664 can-

368 711 512 790 iunatus
527 712 587 790 sit.
610 710 834 790 Adulterium
854 711 947 790 enim
963 710 1209 790 existimatum
1229 735 1309 788 cum
1325 707 1437 787 luturi
1457 733 1540 814 pro-

367 835 533 914 missione
547 833 763 914 matrimonii
780 835 918 915 nullnm
934 849 1100 942 praestat
1110 833 1405 941 impedimentum
1421 833 1436 937 (
1466 833 1495 938 ).
1512 877 1536 894 -

367 963 414 1038 Ut
443 961 490 1039 sit
517 959 733 1040 adulterium
762 959 930 1066 formale,
961 961 1156 1068 etquidem
1171 987 1215 1040 ex
1235 975 1390 1066 utraque
1418 971 1534 1066 parte,

368 1085 533 1164 nimirum
563 1101 602 1165 ut
631 1099 783 1191 uterque
811 1088 971 1192 complex
1000 1087 1103 1181 sciat,
1127 1085 1340 1164 alterutrum
1359 1109 1437 1163 esse
1453 1109 1540 1162 con-

366 1211 540 1314 iugatum.
563 1215 605 1290 In
624 1237 708 1290 casu
730 1213 823 1290 enim
840 1211 992 1316 ignorati
1012 1211 1167 1312 coniugii
1184 1235 1254 1288 nan
1274 1223 1378 1314 urget
1396 1208 1538 1315 pericu-

366 1335 437 1413 lum
452 1336 726 1416 machinationis
741 1337 862 1415 mortis
878 1337 1001 1416 saltem
1017 1362 1060 1415 ex
1085 1351 1186 1443 parte
1200 1337 1403 1442 utriusque.
1420 1335 1536 1412 Huius

365 1474 485 1540 autem
513 1459 756 1566 impedimenti
783 1461 875 1541 ratio
903 1464 1004 1541 iuxta
1032 1487 1153 1540 omnes
1177 1474 1246 1558 est,
1267 1485 1313 1539 na
1332 1459 1444 1539 iuturi
1473 1485 1536 1565 spe

364 1585 579 1663 matrimonii
607 1583 712 1665 detur
731 1585 904 1666 adulteris
924 1612 1010 1665 ansa
1033 1585 1231 1692 captandae
1260 1585 1383 1664 mortis
1411 1586 1537 1664 coniu-

367 1733 448 1811 gum
478 1708 551 1814 (2).
583 1712 675 1788 Hinc
702 1708 832 1788 lomina
861 1735 932 1788 non
961 1709 1151 1814 coniugata
1170 1709 1200 1787 si
1227 1707 1414 1814 copuletur
1442 1707 1533 1802 viro,

365 1858 470 1936 qoem
499 1833 613 1912 nescit
640 1859 718 1913 esse
747 1834 990 1936 coniugatum,
1014 1835 1131 1913 animo
1150 1847 1186 1913 et
1206 1831 1437 1938 promissione
1457 1857 1535 1910 cum

366 1983 407 2036 eo
433 1959 694 2038 matrimonium
723 1957 972 2054 contradendi,
1002 1983 1071 2036 nou
1101 1955 1308 2063 impeditur,
1327 1962 1532 2063 quominus,

367 2093 505 2158 mortua
521 2079 676 2158 adulteri
695 2104 916 2173 uxoratum
935 2105 976 2158 eo
991 2079 1195 2183 coniugium
1215 2079 1326 2157 ineat.
1344 2081 1474 2156 Contra
1489 2075 1534 2155 ad

366 2203 653 2308 impedimentum
683 2203 935 2282 incurrendum
951 2203 1084 2282 sufficit
1102 2217 1142 2282 ut
1161 2203 1242 2309 quis
1261 2202 1415 2282 scienter
1434 2227 1535 2281 aocc-

363 2329 424 2406 dat
444 2329 488 2406 ad
517 2329 720 2436 complicem
740 2327 983 2432 coniugatum,
1005 2329 1094 2434 quin
1114 2353 1206 2434 opus
1225 2329 1272 2406 sit
1291 2340 1332 2406 ut
1347 2327 1405 2405 hic
1425 2329 1528 2422 sciat,

367 2453 475 2532 etiam
504 2453 721 2558 complicem,
753 2478 905 2558 quocum
943 2452 1140 2548 adulterat,
1176 2452 1405 2556 coniugatum
1433 2477 1529 2530 csse:

363 2604 454 2683 quae
470 2579 588 2656 omnia
608 2577 701 2657 clare
729 2590 855 2683 patent
884 2603 927 2657 err
962 2577 1203 2657 decretalibus
1235 2575 1309 2682 (3).
1333 2575 1531 2656 -Tandem

364 2717 403 2782 ut
426 2704 472 2784 sit
500 2703 716 2782 adulterium
744 2715 1027 2781 consummatum
1056 2729 1119 2808 per
1156 2703 1319 2809 copulam
1354 2703 1531 2788 carnalem

364 2828 569 2932 perlectam,
599 2854 670 2934 qua
705 2829 794 2907 alias
814 2843 1080 2909 consummatur
1110 2830 1373 2908 matrimonium
1402 2828 1474 2934 (t).

444 2953 599 3034 Secundo
627 2953 824 3058 requiritur
848 2953 1040 3059 promissio
1059 2981 1123 3032 seu
1140 2951 1323 3032 conventio
1345 2953 1388 3034 de
1408 2956 1533 3035 matri-

363 3079 480 3156 monio
504 3091 584 3182 post
604 3091 751 3157 mortem
775 3077 935 3182 coniugis
955 3077 1199 3157 contrahendo
1219 3079 1312 3158 inter
1333 3077 1527 3177 adulterm,

364 3203 419 3280 vel
451 3202 557 3288 otiam
585 3201 857 3280 matrimonium
885 3201 929 3281 de
958 3201 1051 3281 lacto
1079 3202 1207 3280 initum
1235 3227 1299 3281 seu
1327 3203 1447 3310 potius
1474 3215 1532 3282 at-

364 3339 556 3414 tentatum,
585 3353 665 3405 cum
693 3328 740 3405 sit
768 3327 908 3406 irritum
936 3325 1093 3406 extantia
1122 3327 1375 3433 impedimento
1411 3325 1531 3407 loede-

364 3453 412 3530 ris
440 3449 513 3556 (5).
545 3454 660 3540 Quare
689 3475 754 3530 nec
782 3451 913 3528 sufficit
941 3450 1024 3529 data
1052 3450 1268 3530 matrimonii
1296 3449 1383 3529 lidos
1412 3452 1467 3529 vel
1487 3451 1530 3529 de

365 3575 542 3681 praesenti
580 3574 635 3653 rel
668 3573 711 3652 da
739 3573 861 3654 laturo
888 3575 965 3654 sine
994 3575 1184 3671 adulterio,
1222 3600 1288 3655 nec
1315 3574 1530 3654 adulterium

433 3841 469 3916 (1)
491 3841 616 3898 Sanchez
637 3839 688 3896 lib.
709 3847 735 3896 7.
755 3841 830 3910 distr.
852 3847 894 3897 79.
916 3858 946 3898 u.
967 3849 1017 3900 dur
1045 3841 1162 3912 Pirh'rng
1190 3841 1241 3897 tta.
1263 3849 1288 3898 4.
1310 3843 1357 3899 tit.
1380 3845 1405 3898 7.
1429 3859 1479 3899 aa.
1513 3851 1529 3896 u

362 3934 389 3984 et
409 3931 450 3995 to,
474 3926 578 3996 aliique
597 3940 634 3981 ex
652 3939 715 3996 cap.
735 3924 925 3996 sipuificacr't.
937 3931 961 3994 2,
985 3927 1018 3982 dc
1032 3942 1061 3982 eo
1079 3927 1131 3997 qut
1144 3925 1231 3984 duait
1243 3925 1278 3982 ia
1289 3927 1529 3994 matrimonium,

362 4031 452 4088 quam
469 4013 578 4086 petrau
594 4029 647 4086 per
665 4015 860 4072 adulterium.

431 4103 467 4176 (9)
487 4104 612 4160 Sancnez
632 4103 683 4160 tto.
705 4111 730 4160 7.
752 4104 827 4176 cup.
849 4109 893 4160 79.
914 4121 944 4159 u.
971 4111 993 4160 t.
1410 4149 1414 4156 .

431 4189 470 4264 (3)
489 4193 555 4262 Cap.
575 4193 759 4264 propositum
779 4198 803 4248 t.
825 4195 1082 4263 monusculum.
1104 4192 1149 4250 tt't.
1170 4193 1219 4250 ait.
1238 4193 1272 4250 do
1299 4207 1328 4250 ao
1359 4195 1413 4264 qut
1431 4193 1530 4252 duait.

432 4277 469 4350 (4)
491 4281 616 4337 Saochez
634 4281 684 4338 cit.
707 4280 759 4337 tib.
780 4285 806 4338 7.
826 4280 902 4353 cup.
921 4285 965 4339 79.
986 4297 1017 4338 η.
1030 4285 1057 4336 2.
1078 4289 1104 4337 et
1124 4281 1229 4352 passim
1249 4279 1308 4338 alil.

433 4368 470 4442 lt)
488 4373 555 4441 Cap.
575 4370 762 4444 propositum
783 4375 808 4432 t.
829 4385 891 4441 cap.
912 4385 977 4428 aum
998 4371 1115 4429 maara
1134 4379 1160 4428 5.
1182 4379 1210 4429 et
1230 4387 1292 4444 cap.
1306 4373 1528 4446 cantaretur.

363 4459 415 4514 cit.
437 4459 484 4515 tu.
504 4465 532 4515 et
550 4459 628 4515 alibi.
1537 4487 1540 4496 ·
