3406 5302
837 465 1012 530 —238-

351 589 433 666 Caia
461 586 551 666 nihil
580 585 865 692 respondendum
893 591 1036 671 duxerit
1064 591 1216 697 parocho
1244 591 1341 670 illam
1360 592 1511 672 interro-

351 711 448 812 ganti
469 708 512 788 de
531 733 724 809 consensn;
747 713 831 820 quia
847 733 973 820 nempe
992 715 1108 792 animo
1128 715 1333 819 reputabat,
1356 741 1394 794 se
1413 716 1507 796 baud

350 848 509 914 acturam
536 835 798 915 matrimonium
827 854 934 943 prout
956 855 1108 946 oportet.
1126 843 1179 918 lln
1194 855 1364 920 contentu
1379 865 1511 921 sermo-

351 960 406 1036 nis
434 958 542 1062 igitur
570 957 712 1038 videtur
739 961 834 1065 quod
863 962 945 1042 Gaia
973 989 1045 1044 non
1072 963 1174 1042 modo
1202 965 1369 1044 nescierit
1393 991 1439 1042 an
1457 968 1513 1044 in·

351 1083 547 1162 tentionem
576 1082 741 1162 habuerit
769 1087 1030 1166 matrimonium
1050 1087 1212 1184 ineundi,
1239 1087 1301 1166 sed
1321 1088 1512 1168 vehemens

351 1207 493 1310 exurgit
520 1208 776 1313 praesumptio,
807 1210 920 1316 ipsam
954 1212 1090 1292 nullum
1124 1213 1265 1290 omnino
1301 1237 1511 1291 consensum

352 1329 572 1434 praebuisse,
604 1331 737 1436 quippe
764 1332 910 1413 nolebat
937 1339 1136 1415 consentire
1156 1335 1252 1414 actui
1267 1335 1404 1431 illicito,
1426 1338 1511 1440 qnia

353 1456 465 1533 Titius
493 1481 565 1536 non
602 1470 680 1534 erat
712 1456 926 1536 catholicus:
962 1459 1058 1539 unde
1086 1459 1219 1540 dixisse
1248 1459 1412 1538 videtur:
1444 1485 1512 1537 uon

355 1577 613 1657 sembroudomi
640 1577 678 1657 di
705 1581 786 1685 [ore
813 1607 861 1658 uu
888 1584 1120 1660 matrimonio
1148 1607 1241 1661 come
1268 1585 1299 1662 si
1327 1582 1422 1663 deoc.

434 1712 496 1782 17.
529 1707 716 1783 Praeterea
745 1731 824 1784 cnm
852 1709 949 1802 Cala,
980 1707 1034 1786 uti
1063 1705 1171 1785 vidua
1200 1707 1412 1813 Sempronii,
1443 1709 1512 1785 iam

353 1825 447 1906 facto
475 1829 616 1933 proprio
645 1830 769 1924 sciret,
810 1830 1071 1910 matrimonium
1106 1831 1249 1910 nonnisi
1283 1855 1399 1909 coram
1432 1855 1513 1935 pro-

349 1951 427 2056 prio
455 1952 739 2031 contrahentium
767 1953 920 2057 parocho
947 1979 1050 2060 posse
1078 1952 1194 2032 valide
1213 1953 1399 2048 celebrari,
1422 1953 1507 2058 quid

350 2074 511 2181 impedit,
543 2077 733 2180 quominus
770 2077 982 2172 retineatur,
1018 2079 1131 2182 ipsam
1165 2077 1296 2156 nedum
1329 2078 1505 2172 illicitum,

349 2201 412 2281 sod
441 2215 476 2281 et
502 2200 705 2281 invalidum
732 2201 921 2282 credidisse
948 2201 1036 2281 illud
1056 2202 1317 2282 matrimonium
1336 2203 1420 2308 quia
1440 2228 1508 2280 non

350 2326 566 2406 celebratum
593 2353 709 2407 coram
738 2328 880 2433 proprio
917 2327 1084 2432 parocho,
1116 2329 1230 2407 etsie
1259 2325 1346 2408 illud
1382 2353 1509 2407 arcana

353 2463 470 2529 mente
500 2463 639 2529 tantum
666 2449 874 2530 simulasse?

430 2579 560 2654 Verum
587 2575 682 2682 quod
711 2602 755 2654 eu
793 2575 1013 2680 depositione
1052 2575 1155 2654 Caiae
1192 2601 1341 2680 arguere
1370 2591 1509 2658 tantum

349 2700 403 2780 las
431 2714 499 2797 est,
530 2702 643 2806 ipsam
671 2699 804 2780 scilicet
833 2699 1035 2778 invalidum
1063 2699 1252 2780 credidisse
1270 2703 1358 2782 illud
1379 2729 1513 2783 connu-

349 2825 462 2920 bium,
493 2825 626 2932 quippe
654 2849 725 2904 non
758 2849 873 2904 coram
905 2828 1048 2932 proprio
1071 2827 1225 2932 parocho
1244 2827 1385 2924 initum,
1417 2827 1510 2908 istud

350 2947 483 3029 directe
511 2947 578 3028 sub
607 2949 761 3056 duplicis
788 2951 978 3029 iuramenti
1007 2949 1148 3029 vinculo
1165 2965 1318 3032 testatur
1337 2953 1507 3049 LuciliuS,

350 3075 453 3154 testis
467 3073 512 3151 ad
527 3075 789 3153 matrimonium
799 3071 996 3154 adhibitus.
1016 3074 1168 3180 Deponit
1186 3076 1294 3172 onim,
1316 3079 1434 3156 Gaiam
1453 3079 1512 3156 vix

353 3201 399 3280 ab
419 3201 574 3281 Ecclesia
602 3227 632 3280 s.
655 3201 834 3279 Francisci
854 3225 1045 3304 egressam,
1069 3216 1226 3307 tempore
1246 3229 1317 3282 non
1331 3218 1508 3310 suspecto,

342 3343 431 3437 ¹post
457 3327 671 3407 matrimonii
708 3325 981 3406 celebrationem
1009 3327 1059 3405 ita
1088 3327 1156 3407 sibi
1193 3343 1347 3409 mentem
1375 3331 1511 3436 patefe-

350 3454 458 3533 cisse:
492 3451 597 3532 ‹Nel
626 3451 727 3530 venir
754 3454 812 3530 via
840 3451 894 3558 (di
923 3441 1065 3555 Cbiesa)
1094 3451 1128 3530 io
1156 3454 1276 3534 eCaia
1305 3455 1509 3559 parlavamo

352 3609 372 3654 ‹
394 3577 542 3657 insieme
569 3576 625 3657 sul
652 3575 890 3672 matrimonio,
913 3576 1055 3656 edessa
1076 3575 1279 3673 midiceva,
1311 3577 1377 3658 che
1395 3605 1512 3684 quan-

351 3718 532 3809 ‹tunque
560 3714 678 3808 questo
714 3701 804 3805 [osse
832 3711 925 3779 stuto
954 3726 1002 3778 ou
1038 3698 1238 3805 imbroplc'o,
1267 3729 1358 3808 pore
1388 3703 1421 3781 si
1455 3727 1513 3782 so-

353 3860 372 3903 «
395 3825 493 3906 rebbo
512 3829 667 3906 ritanuto
685 3823 821 3912 ualido,
838 3823 964 3930 percle
982 3823 1129 3903 oorebbe
1142 3823 1238 3928 sotto
1257 3827 1396 3906 credere
1409 3853 1512 3906 overe

354 3983 374 4027 a
397 3951 494 4031 lusoir
523 3949 551 4028 il
578 3975 641 4030 suo
668 3947 884 4028 domicilio»
907 3948 1047 4054 (detor.
1065 3947 1127 4026 fol.
1147 3946 1232 4054 32).
1255 3949 1362 4030 Cuius
1381 3975 1514 4030 sermo-

350 4079 409 4157 nis
422 4063 636 4156 mentionem
652 4072 737 4154 lacit
751 4084 787 4152 et
803 4073 877 4178 ipse
893 4071 1005 4151 Titius
1020 4070 1125 4178 (ibid.
1147 4070 1207 4150 fol.
1233 4077 1349 4152 llll.
1368 4073 1412 4153 ad
1432 4074 1507 4180 13).

431 4203 538 4279 Porro
557 4225 629 4280 non
648 4197 752 4304 pauci
767 4200 840 4274 Dl).
864 4219 943 4275 cnm
963 4194 1138 4275 Lenrenio
1157 4195 1257 4300 (For.
1280 4199 1375 4278 dccl.
1400 4197 1506 4280 tica.
1542 4215 1547 4228 ·

354 4337 491 4432 quaest.
523 4325 591 4430 90)
619 4335 741 4403 contra
778 4320 935 4400 Sanchez
964 4333 1088 4400 tenent
1124 4319 1219 4425 quod
1253 4323 1283 4402 is
1315 4326 1422 4405 etiam
1449 4327 1512 4431 qui

351 4445 445 4558 salso
473 4449 652 4530 existimat
679 4445 825 4526 subesse
846 4445 1135 4550 impedimentum
1155 4444 1338 4548 dirimens,
1362 4477 1513 4532 consen-
