3446 5298
837 413 1014 478 -442-

722 679 860 759 enas
889 679 1129 760 sucorum
1236 789 1241 797 Ι

638 899 963 954 DISCEPTATIONES
991 873 1213 953 GANONlCAE

337 1091 374 1153 ln
398 1106 521 1168 causis,
546 1107 630 1162 cuae
652 1107 694 1152 nn
726 1105 919 1152 xarnruonn
951 1105 1073 1152 varona
1103 1104 1217 1150 namin
1249 1104 1288 1148 ur
1314 1102 1502 1149 rorissnmx

405 1213 814 1268 onrunrunnxourausnau
827 1210 1312 1258 ruruuruannsoraruanrmus.
1330 1208 1414 1278 pop.
1441 1193 1504 1256 223

338 1391 614 1460 DlSCEPTA'llO
638 1390 783 1456 Pltlllt.
802 1427 824 1440 -
846 1391 895 1458 De
918 1387 1138 1456 matrimonii
1166 1386 1336 1456 nullitate
1368 1384 1419 1453 in-

471 1501 593 1586 specto
624 1515 817 1579 consensu,
851 1494 1046 1579 domicilio,
1081 1493 1268 1584 impropria
1300 1493 1421 1562 cultus

472 1601 684 1690 disparitate
751 1627 1415 1668 ............
1457 1597 1503 1666 ib.

338 1709 563 1780 Ancuuenrou
630 1733 1415 1773 ..............
1457 1701 1504 1770 ib.

429 1813 599 1882 Actorum
623 1813 732 1882 series
755 1813 946 1902 exponitur
987 1861 1350 1878 .......
1401 1838 1417 1872 n
1443 1815 1507 1878 224

341 1922 471 1989 Damon
517 1969 1352 1986 ...............
1401 1921 1508 1985 »434

341 2029 504 2106 Quaasno
528 2048 630 2094 aaran
653 2025 696 2094 dc
720 2045 914 2112 coriscnsu,
940 2025 977 2094 in
1001 2045 1068 2115 qua
1092 2025 1193 2112 plura
1216 2024 1259 2094 de
1289 2030 1418 2094 natura

475 2153 667 2202 consensus
683 2137 721 2200 et
736 2132 861 2201 mediis
884 2132 1041 2202 ciusdem
1065 2131 1268 2221 praestandi
1293 2132 1337 2201 ad
1361 2153 1420 2204 va-

474 2237 543 2306 lide
567 2239 625 2310 vel
649 2238 804 2308 invalido
817 2239 1084 2308 matrimonium
1110 2239 1315 2310 ineundum.
1343 2292 1350 2306 .
1401 2270 1417 2304 n
1444 2247 1508 2309 235

343 2348 507 2424 Quiesno
523 2367 669 2412 secunao
685 2345 728 2413 dc
744 2344 1049 2430 clandestinitatc,
1075 2347 1112 2413 in
1127 2365 1196 2434 qua
1211 2347 1420 2434 quaestione

476 2449 520 2519 ob
534 2449 732 2519 Tridentini
745 2451 928 2521 decretum
942 2451 1101 2522 iubentis
1112 2452 1351 2541 praesentiam
1364 2473 1422 2540 pa·

477 2559 573 2628 rochi
597 2563 635 2627 ct
661 2557 822 2642 testium,
847 2558 948 2646 plura
971 2557 1015 2626 dc
1038 2557 1178 2647 proprio
1210 2557 1420 2628 contrahen-

477 2665 568 2734 tium
592 2664 745 2756 parocho
760 2663 985 2736 disscruntur
989 2714 1352 2730 .......
1403 2693 1419 2728 n
1446 2671 1510 2734 244

433 2775 468 2861 α)
495 2773 543 2840 De
566 2771 742 2841 domicilio
766 2776 805 2839 et
826 2771 1127 2862 quasi-domicilio
1167 2821 1174 2836 .
1226 2821 1233 2836 .
1285 2821 1292 2836 .
1344 2821 1352 2835 .
1403 2775 1511 2839 „ato

434 2879 465 2966 a)
492 2882 539 2946 ne
564 2862 663 2967 vifis
692 2927 1352 2944 ............
1403 2880 1509 2944 „aar

434 2986 463 3070 c)
489 2989 538 3053 lle
560 2985 703 3075 parochi
726 2983 785 3053 vel
804 2983 979 3052 Ordinarii
1003 2981 1234 3072 delegatione.
1286 3036 1293 3051 .
1345 3036 1352 3050 .
1404 2988 1510 3052 »263

343 3095 507 3170 Qunasno
530 3113 647 3158 marn
665 3090 708 3158 de
725 3089 954 3158 matrimonio
977 3089 1104 3176 mixto,
1127 3091 1163 3160 in
1178 3113 1248 3180 qua
1264 3091 1309 3160 ob
1326 3111 1422 3180 prac-

478 3196 589 3265 fatam
613 3196 811 3264 Tridentini
836 3197 948 3284 legem
972 3196 1048 3266 lusc
1072 3198 1189 3286 agitur
1205 3198 1247 3267 de
1270 3196 1424 3266 haercti-

481 3323 602 3372 eorum
633 3302 735 3372 locali
760 3303 819 3371 vel
849 3303 1026 3392 personali
1058 3303 1285 3393 exemptione
1316 3302 1360 3371 ab
1384 3322 1425 3369 ea

479 3411 573 3499 legc3
606 3409 699 3478 undc
731 3409 840 3478 ctiam
872 3409 915 3477 dc
946 3408 1146 3480 rationibus
1175 3409 1427 3480 declarationis

480 3515 660 3584 Benedicti
685 3518 758 3583 xlv
783 3514 875 3584 circa
900 3516 1127 3585 matrimonia
1159 3515 1363 3586 Hollandiac
1387 3521 1426 3584 et

479 3624 599 3712 Belgii,
618 3623 837 3710 aliarumque
854 3627 999 3691 sanctae
1011 3622 1109 3692 Sedis
1124 3623 1381 3692 resolutionum
1406 3650 1423 3686 n
1449 3627 1514 3690 264

347 3734 524 3800 Concessio
528 3777 1354 3796 ...............
1405 3731 1513 3795 »275

437 3840 467 3905 S.
496 3840 532 3905 C.
560 3835 705 3904 Concilii
730 3835 773 3903 ad
796 3837 975 3924 proposita
999 3835 1105 3905 dubia
1137 3856 1354 3924 responsum.
1404 3839 1512 3904 n276

346 3944 623 4013 olsoue'rnalo
638 3943 832 4010 SECUNDA
844 3979 876 4008 .·
893 3946 941 4010 De
957 3943 1177 4012 matrimonii
1194 3943 1364 4012 nullitate
1380 3963 1426 4012 ex

480 4047 733 4137 impedimento
757 4047 1078 4135 consanguinitatis
1094 4047 1189 4117 inter
1212 4049 1423 4118 contrahen-

481 4159 537 4223 tes
576 4203 1354 4224 ..............
1406 4161 1513 4224 »277

348 4260 575 4328 Anaunenruu
640 4311 1354 4330 .............
1406 4291 1422 4326 n
1463 4261 1510 4330 ib.

438 4366 606 4434 Actorum
631 4366 740 4434 series
762 4365 951 4453 exponitur
956 4416 1354 4435 ........
1404 4396 1420 4431 n
1462 4367 1510 4434 ib.
