3444 5302
806 491 843 506 ..
867 459 904 522 44
925 491 963 507 -

296 595 445 670 eausam
473 585 595 686 dedit,
626 585 776 691 ideoque
805 609 848 662 ex
878 585 944 664 hoc
971 584 1100 662 initum
1127 579 1313 683 coniugale
1341 577 1466 658 foedus

300 715 406 820 plane
435 710 600 790 consistit
628 707 712 812 (t);

341 838 344 862 ³
383 833 515 920 Tertio,
544 845 584 910 nt
612 833 658 910 sit
686 831 730 912 ob
749 830 946 910 extrinseco
964 831 1101 925 illatus,
1124 853 1230 935 quem
1249 853 1376 934 nempe
1396 854 1467 907 non

299 961 376 1065 ipse
405 955 620 1036 contrahens
648 954 792 1037 sibimet
825 955 1039 1051 incusserit;

309 1087 333 1123 ²⁵
382 1087 534 1172 Quarto,
563 1091 604 1158 ut
623 1081 671 1157 sit
699 1079 863 1158 incussus
891 1077 1022 1157 directe
1049 1076 1095 1156 ad
1124 1075 1409 1182 extorquendum
1429 1077 1466 1153 iu

302 1204 567 1284 matrimonium
604 1226 829 1280 consensum.
872 1201 983 1280 Aliter
1015 1203 1108 1280 enim
1146 1199 1230 1280 hnic
1266 1198 1465 1277 contractui

297 1328 398 1408 haud
426 1329 480 1407 vis
508 1325 674 1405 insertur.
707 1327 800 1403 Hinc
826 1325 857 1404 si
883 1326 965 1429 quis
995 1337 1092 1404 metu
1121 1323 1273 1416 inferni,
1315 1319 1467 1400 incauti-

299 1453 467 1547 nentiae,
498 1449 723 1556 paupertatis
751 1449 908 1555 aliquam
936 1449 1057 1543 ducit,
1098 1447 1175 1526 eius
1204 1446 1466 1524 matrimonium

298 1577 457 1656 validum
485 1573 631 1679 quidem
659 1587 727 1652 est.

381 1709 418 1778 t.
450 1697 633 1776 Eiusmodi
658 1711 776 1777 autem
807 1697 1099 1804 impedimentum
1128 1695 1207 1775 iure
1233 1696 1377 1802 quidem
1400 1723 1467 1802 po-

298 1824 407 1904 sitivo
425 1821 604 1902 Ecclesiae
623 1821 887 1900 matrimonium
906 1821 1053 1913 dirimit,
1085 1835 1127 1900 ut
1146 1833 1268 1926 patet3
1300 1819 1362 1900 sed
1386 1845 1470 1925 pro-

300 1947 458 2028 babilius
488 1945 566 2024 iure
593 1944 700 2023 etiam
729 1945 894 2024 naturali
922 1945 1061 2024 irritum
1091 1943 1174 2024 iaoit
1204 1948 1218 2048 (
1247 1948 1277 2050 ).

386 2081 423 2151 5.
456 2073 585 2148 Verum
614 2067 785 2148 utrolibet
813 2071 889 2148 iure
918 2069 1035 2148 dirimi
1072 2069 1171 2148 dicas
1203 2070 1466 2150 matrimonium

298 2195 401 2301 gravi
429 2219 473 2272 ex
502 2204 598 2271 metu
627 2192 780 2288 initum,
813 2191 902 2270 iliud
930 2217 994 2297 pro
1022 2205 1118 2271 certo
1147 2191 1369 2288 habendum,
1401 2193 1467 2272 hoo

299 2316 595 2424 impedimentum
611 2313 913 2420 dispensationem
929 2315 1026 2394 haud
1042 2315 1244 2395 admittere.
1267 2321 1353 2393 Com
1373 2317 1467 2394 enim

298 2457 341 2522 ut
360 2442 520 2548 loquitur
547 2437 746 2518 Alexander
766 2443 820 2518 111
850 2439 922 2543 (3),
954 2438 1068 2518 docum
1093 2464 1162 2517 nort
1181 2438 1306 2518 debeat
1325 2465 1468 2518 consen-

299 2593 358 2646 sus
387 2565 448 2645 rbi
474 2576 586 2643 meres
615 2563 670 2644 cel
697 2563 829 2644 coactio
858 2563 1058 2651 intercedit,
1089 2589 1221 2644 necesse
1244 2576 1310 2650 est,
1340 2576 1380 2642 ut
1408 2563 1467 2644 rbi

295 2717 460 2770 oscenses
480 2689 690 2794 cuiusquam
719 2687 933 2794 requiritur,
963 2688 1152 2767 coactionis
1180 2688 1334 2767 matario
1355 2688 1468 2794 repel-

297 2815 414 2894 latur.
432 2859 456 2874 -
476 2816 569 2892 Hinc
588 2826 656 2908 est,
687 2827 729 2891 ut
748 2837 853 2917 saepe
872 2839 964 2892 novo
982 2812 1167 2918 liberoque
1188 2837 1363 2892 consensu
1383 2839 1468 2892 oon-

298 2938 456 3018 ralescat
484 2935 772 3030 matrimonium,
803 2935 899 3040 quod
929 2937 1069 3014 irritum
1097 2949 1213 3015 metus
1240 2963 1304 3016 seu
1333 2937 1387 3014 vis
1416 2935 1468 3014 ie-

296 3075 399 3141 cerat
427 3061 500 3167 (t).
532 3060 589 3138 Sir
616 3083 680 3163 pro
707 3083 902 3138 consensus
930 3059 1166 3139 ratificatione
1195 3059 1308 3166 aooipi
1335 3059 1463 3160 debet,

301 3187 339 3263 in
361 3181 442 3262 ¹foro
471 3183 598 3262 saltem
631 3195 802 3278 externo,
842 3184 872 3261 si
902 3207 985 3289 pars
1013 3208 1105 3288 quae
1135 3183 1207 3262 uim
1238 3197 1301 3263 aot
1331 3197 1466 3263 metum

299 3331 406 3412 passa
435 3317 507 3400 est,
538 3306 725 3410 sciensque
754 3305 894 3384 irritum
921 3305 1032 3384 fuisse
1060 3307 1285 3411 coniugium,
1318 3307 1466 3386 alteram

298 3429 452 3536 partem,
483 3454 563 3510 cum
590 3453 662 3533 qua
689 3455 733 3506 er
761 3429 796 3507 vi
824 3429 880 3507 vel
907 3443 1004 3508 metu
1032 3443 1260 3510 contraxerat
1286 3431 1468 3510 matrimo-

301 3553 414 3648 nium,
446 3551 557 3631 libere
586 3577 732 3657 prorsus
760 3577 801 3630 ao
825 3551 978 3631 maritali
1006 3567 1244 3658 prosequatur
1267 3581 1399 3644 amore,
1431 3569 1467 3634 ot

372 3739 407 3813 (1)
426 3743 493 3812 Cap.
513 3737 540 3796 ci
557 3737 705 3796 seduxerit
725 3739 750 3796 1.
772 3748 799 3798 et
817 3754 879 3812 cap.
897 3743 1031 3812 pervenit
1055 3747 1080 3810 Ι,
1108 3743 1142 3800 dc
1166 3745 1325 3805 adulteriis
1352 3754 1379 3805 et
1404 3753 1466 3805 atu·

295 3841 372 3899 pro;
392 3857 428 3869 -
446 3841 508 3900 cap.
529 3841 566 3885 ex
584 3825 686 3883 litteris
706 3828 749 3896 10,
769 3828 804 3884 dc
821 3829 951 3901 sponsat.
972 3837 997 3887 et
1016 3831 1219 3891 matrimonio.

371 3915 405 3988 (t)
424 3916 472 3974 Ctr
494 3919 695 3987 Van-Espen:
715 3919 738 3972 1.
758 3920 789 3972 E.
818 3919 849 3974 U.
868 3925 950 3990 port.
970 3925 997 3976 2.
1019 3920 1066 3977 ttt.
1087 3925 1130 3978 tt.
1151 3935 1217 3994 cop.
1236 3929 1262 3978 c.
1291 3939 1322 3980 rt.
1344 3928 1386 3990 to,
1414 3925 1466 3981 ubi

299 4003 434 4075 pluribus
453 4004 554 4076 probat
573 4035 606 4046 -
622 4025 637 4056 «
651 4006 752 4062 merito
771 4004 825 4062 hoo
843 4006 1080 4078 impedimentum
1100 4024 1158 4066 non
1177 4011 1232 4068 soli
1250 4009 1314 4068 icet
1329 4011 1462 4084 positivo,

298 4115 315 4145 2>
336 4093 385 4152 sed
406 4095 544 4152 naturali
561 4094 784 4152 adscribendum
804 4110 874 4152 esse.
898 4118 911 4147 »

371 4180 405 4254 (3)
420 4185 487 4254 Cap.
507 4197 573 4240 com
594 4183 688 4242 worm
708 4189 749 4252 tt,
772 4187 807 4242 de
824 4187 1010 4258 spontaliter
1027 4196 1053 4248 et
1072 4191 1276 4248 matrimonio.

368 4267 406 4342 (4)
424 4271 491 4342 Cap.
510 4271 551 4328 od
571 4269 602 4328 td
619 4271 664 4338 rt,
684 4272 737 4330 eod
761 4273 801 4332 tir.
824 4303 857 4316 ·-
877 4275 947 4332 Vide
968 4280 1134 4349 cognanum
1154 4280 1184 4336 in
1204 4294 1267 4350 eap.
1287 4281 1314 4337 ic
1343 4285 1398 4353 qut
1414 4287 1461 4347 tto,

296 4355 335 4414 de
351 4359 547 4429 oponsottboe,
577 4375 606 4416 n.
633 4361 677 4430 44,
696 4361 747 4419 ubi
768 4363 855 4421 habes
880 4379 911 4421 ea
932 4363 966 4422 de
993 4380 1024 4422 re
1042 4365 1147 4424 editam
1166 4383 1182 4424 a
1203 4371 1230 4425 S·
1258 4369 1307 4426 Pio
1333 4371 1466 4427 Vdeoto-

299 4445 452 4505 rationem.
