3446 5298
624 649 846 746 INDEX

175 835 535 908 NOTIONUM
575 841 653 904 ET
690 837 1295 908 DISCEPTATIONUM

282 973 314 1050 lo
332 973 507 1072 iupdiuutb
524 979 550 1052 cl
567 997 680 1073 pnom
698 973 808 1050 iudiciali
826 974 851 1051 in
869 975 949 1052 auia
967 975 1189 1054 nalrbolialiln
1233 1007 1237 1014 ·
1367 989 1374 1014 ¹

647 1131 821 1176 ..αω-

150 1307 299 1371 Drcnrun
322 1327 526 1390 causedicis,
553 1327 654 1381 arona
686 1327 824 1372 arcsnau
855 1325 975 1372 euenor
1001 1327 1170 1374 consulari
1194 1332 1232 1376 ar

239 1433 335 1479 anno
358 1435 537 1480 aaronrrun
559 1461 1096 1481 ..........
1142 1435 1229 1504 pap.
1260 1419 1316 1484 lll.

565 1589 703 1668 PARS
730 1589 904 1668 PRIMA

149 1751 311 1816 Nonoues
334 1771 537 1817 aanacnuna
562 1773 602 1817 aa
627 1770 869 1832 insumamus,
900 1769 983 1824 oona
1016 1771 1244 1820 nnrmuomun
1268 1775 1316 1820 nr-

183 1922 186 1934 ,
237 1875 371 1940 ninom,
398 1877 440 1922 nc
465 1877 505 1922 aa
530 1877 684 1922 ruocessu
710 1875 868 1922 ruorcrncr
910 1906 917 1920 .
969 1906 976 1919 .
1028 1905 1035 1922 .
1086 1907 1094 1922 .
1141 1877 1226 1946 pap.
1299 1865 1314 1928 l

149 1970 238 2082 Cdb.
266 2019 291 2082 l.
317 2018 366 2083 De
390 2013 654 2104 impedimentis
680 2013 947 2082 matrimonium
979 2013 1230 2086 dirimentibus

283 2143 327 2191 ex
350 2122 491 2192 deiectu
516 2141 708 2192 consensus
748 2173 1158 2190 ........
1209 2153 1226 2188 n
1298 2131 1316 2194 3

148 2229 229 2296 liar.
254 2233 280 2296 l.
307 2234 357 2298 Dc
381 2229 633 2320 impedimento
650 2228 693 2296 ab
718 2247 836 2296 errore
855 2275 1156 2297 ......
1207 2259 1223 2294 n
1266 2231 1313 2300 ib.
1369 2267 1382 2297 ι

323 2334 413 2416 Quid
437 2334 479 2402 de
503 2333 651 2403 adiectis
674 2332 936 2402 conditionibus
973 2382 982 2400 .
1032 2386 1040 2401 .
1091 2385 1098 2400 .
1150 2388 1158 2402 .
1208 2364 1225 2400 n
1298 2343 1317 2405 l

146 2439 225 2506 Aur.
253 2443 293 2508 ll.
320 2443 369 2508 Dc
394 2440 646 2530 impedimento
670 2461 690 2508 a
714 2439 981 2509 simulatione.
1031 2491 1039 2507 .
1091 2493 1098 2508 .
1149 2493 1157 2508 .
1207 2470 1224 2505 n
1297 2447 1315 2510 7

324 2547 478 2616 llitualis
515 2546 699 2634 disciplina
736 2547 913 2614 Ecclesiae
952 2547 1152 2616 orientalis
1190 2546 1229 2615 in

281 2653 501 2739 sponsalibus
524 2657 563 2720 ct
579 2651 806 2722 matrimonio
822 2651 1042 2721 celebrandis
1090 2702 1099 2718 .
1149 2704 1157 2719 .
1207 2681 1224 2716 n
1266 2654 1313 2722 ib.

323 2760 444 2848 Sponsi
473 2759 565 2828 ritus
594 2758 778 2827 orientalis
808 2779 1017 2828 consensum
1043 2760 1079 2828 in
1103 2760 1227 2827 matri-

279 2866 438 2935 monium
462 2866 560 2955 signo
588 2863 747 2934 sensibili
777 2869 980 2954 praestant,
1011 2867 1229 2936 coronandos

280 2992 316 3040 sc
341 2977 466 3041 mutuo
490 2971 700 3040 exhibentes
736 3017 1157 3040 ........
1207 3000 1223 3035 n
1277 2976 1316 3038 lb

146 3078 226 3144 Aur.
253 3081 307 3146 lll.
336 3081 384 3168 Dc
408 3077 661 3166 impedimento
685 3095 729 3144 cx
753 3075 871 3144 lurore
896 3081 933 3144 et
957 3076 1115 3146 amentia
1149 3129 1156 3144 .
1207 3106 1223 3141 n
1276 3083 1315 3144 la

147 3185 227 3251 ilar.
254 3188 310 3252 IV.
336 3189 385 3256 Dc
410 3184 661 3274 impedimento
678 3203 722 3250 cx
738 3181 774 3251 ri
799 3201 861 3251 seu
882 3189 983 3250 metu
1030 3234 1038 3250 .
1089 3236 1097 3250 .
1148 3235 1156 3249 .
1207 3212 1223 3247 n
1266 3182 1313 3251 ib.

146 3292 226 3358 Aur.
253 3294 293 3358 V.
336 3295 385 3358 De
410 3291 806 3380 impedimentoraptus
853 3340 1156 3358 ......
1206 3319 1223 3354 n
1276 3297 1315 3359 lo

323 3397 377 3465 An
416 3397 619 3466 incurratur
657 3394 950 3484 impedimentum
985 3400 1109 3485 raptus
1142 3396 1226 3466 dum

281 3501 411 3572 femina
436 3502 472 3570 in
496 3503 550 3572 sui
574 3500 823 3570 abductionem
847 3501 1028 3570 consentit
1090 3551 1098 3567 .
1149 3551 1159 3569 .
1208 3531 1225 3566 n
1279 3509 1318 3571 18

147 3608 237 3678 CAP.
264 3612 305 3675 ll.
332 3612 381 3678 De
405 3607 668 3697 impedimentis
691 3605 959 3676 matrimonium
976 3607 1228 3678 dirimentibus

281 3736 327 3784 ex
349 3715 490 3784 deiectu
508 3720 658 3784 naturae
677 3765 1157 3782 .........
1207 3743 1224 3778 n
1273 3721 1314 3784 al

150 3821 230 3890 Aur.
256 3825 283 3890 l.
309 3825 357 3888 De
382 3819 636 3910 impedimento
652 3817 783 3887 aetatis
808 3839 868 3888 seu
886 3818 1162 3908 impubertatis.
1210 3847 1227 3882 n
1270 3821 1317 3888 ib.
1367 3865 1370 3870 -

328 3931 403 4007 Quo
428 3931 508 3994 lure
532 3925 598 3994 lioc
621 3923 915 4013 impedimentum
939 3923 1084 3992 dirimat
1109 3924 1231 3992 matri-

284 4033 442 4102 monium
504 4079 1159 4100 ............
1210 4057 1226 4094 n
1269 4029 1318 4097 ib.

329 4137 418 4219 Quid
447 4135 620 4226 significet
648 4135 833 4224 exceptio:
870 4140 947 4204 nisi
977 4136 1125 4205 cratitio
1149 4155 1231 4222 sup·

297 4247 396 4334 pleat
423 4253 576 4314 aetatem
625 4289 1163 4310 ..........
1213 4269 1229 4305 n
1279 4247 1321 4310 22

330 4351 506 4442 laquem
532 4353 669 4440 spectet
701 4349 757 4417 ius
778 4347 992 4418 diiudicandi
1016 4369 1061 4418 an
1085 4350 1233 4418 malitia

285 4459 449 4546 suppleat
473 4465 639 4539 aetatem,
667 4460 705 4522 et
728 4453 881 4524 facultas
901 4455 1124 4547 dispensandi
1154 4506 1161 4522 .
1213 4482 1230 4519 n
1279 4459 1322 4522 23

249 4602 389 4648 muscam.
404 4601 438 4647 lle
450 4597 647 4660 lmpedimeum.
1189 4597 1217 4641 28
1287 4587 1290 4596 '
