3456 5300
653 427 658 435 Ι
751 479 906 542 -ffl-

255 631 339 684 «ac
367 617 546 684 tenentem
574 617 733 683 tantum:
764 603 873 708 idque
901 602 1002 680 iuxta
1022 599 1203 679 decretum
1231 623 1419 678 sacrosan-
1541 653 1542 656 κ

241 765 274 808 va
295 745 374 814 otae
403 726 631 810 Tridentinae
651 727 798 836 synodi,
823 725 925 833 ·quod
953 727 991 804 in
1018 725 1175 804 Ecclesia
1199 737 1320 804 nostra
1348 723 1417 803 du-

257 857 381 936 »dum
413 855 605 936 invaluit»
636 856 651 957 (
682 857 711 958 ).

433 1053 468 1154 c)
498 1058 548 1130 De
575 1047 699 1154 Iopolis
727 1049 947 1153 separatioris
977 1045 1237 1152 impedimento.

333 1251 396 1323 2l.
428 1248 512 1322 Cum
540 1243 665 1348 legalis
693 1243 856 1346 cognatio
871 1267 914 1320 ex
934 1239 1124 1346 adoptione
1148 1242 1283 1317 oriatur
1301 1239 1411 1334 civili,

253 1369 328 1446 iure
365 1367 602 1448 ecclesiastico
639 1370 695 1446 ius
728 1367 831 1446 civile
850 1352 981 1470 quoad
1019 1365 1086 1442 hoc
1122 1361 1414 1468 impedimentum

254 1491 472 1598 approbante
506 1506 542 1572 et
575 1491 789 1598 excipiente,
826 1489 986 1595 nihilque
1014 1489 1052 1566 in
1079 1511 1121 1566 ao
1153 1499 1328 1582 mutante,
1359 1487 1418 1564 in-

252 1615 465 1720 quirendum
493 1617 606 1722 primo
625 1615 711 1720 quid
732 1630 768 1695 et
786 1615 983 1720 quotuplex
1002 1616 1049 1693 sit
1064 1611 1208 1718 adoptio
1236 1615 1335 1690 iuxta
1355 1638 1414 1690 ro-

253 1735 395 1817 manirm
424 1739 494 1818 ius.

332 1871 396 1941 22.
429 1862 579 1968 Adoptio
606 1889 650 1942 ex
679 1863 744 1942 hoc
772 1863 849 1942 iure
869 1861 1104 1940 communiter
1123 1885 1203 1938 cum
1218 1861 1261 1936 u.
1285 1857 1416 1936 Thoma

254 1985 392 2065 deliniri
421 1987 528 2067 solet:
559 2013 732 2093 personae
760 2001 951 2066 extraneae
980 1987 1017 2064 in
1046 1984 1155 2062 lilium
1176 1983 1231 2062 vel
1250 1996 1415 2090 nepotem

252 2109 409 2212 legitima
437 2111 630 2216 susceptio.
661 2113 709 2190 Ut
738 2125 856 2189 autem
885 2110 1028 2214 adoptio
1054 2108 1129 2186 lueri
1148 2106 1274 2212 possit,
1305 2132 1417 2212 quae·

253 2229 333 2309 dam
362 2257 381 2309 a
411 2231 487 2312 iure
517 2232 593 2338 ipso
613 2236 852 2338 praescriptae
871 2233 1005 2312 servari
1026 2230 1158 2311 debent
1177 2227 1412 2322 conditiones,

253 2353 387 2432 scilicet
407 2400 430 2414 -
452 2355 589 2442 Primo,
619 2369 660 2435 ut
688 2355 862 2462 adoptans
880 2356 928 2434 sit
955 2381 1045 2449 mas,
1063 2351 1145 2433 nam
1161 2349 1312 2430 luminae
1331 2348 1419 2427 ado-

250 2479 344 2582 ptari
371 2495 522 2584 possunt
549 2480 610 2559 sed
640 2506 711 2560 non
739 2481 910 2587 adoptare
939 2477 1287 2585 nisiexprivilegi03
1310 2483 1417 2554 -Se-
1441 2543 1448 2556 .

251 2601 380 2690 cundo,
409 2616 449 2682 ut
477 2606 524 2683 sit
552 2607 607 2683 sui
636 2607 724 2684 iuris
752 2620 789 2685 et
815 2607 927 2684 maior
954 2605 1265 2710 vigintiquinque
1294 2603 1413 2695 annis,

252 2753 362 2832 quum
391 2727 495 2808 aliter
523 2755 587 2807 sua
603 2730 852 2809 administrare
881 2744 1056 2836 nequeat3
1079 2775 1103 2789 -
1127 2727 1256 2814 Tertio,
1285 2739 1327 2805 ut
1345 2749 1417 2804 nou

251 2853 297 2929 sit
325 2851 540 2930 naturaliter
568 2853 742 2959 impotens
770 2879 833 2932 seu
872 2853 1023 2956 [rigidus
1052 2877 1094 2930 ex
1123 2865 1253 2930 natura
1282 2850 1326 2928 ad
1356 2875 1417 2952 ge-

236 2973 464 3070 nerandum,
496 3000 575 3054 cum
604 2977 640 3053 in
669 2975 808 3055 delectu
841 2975 1008 3070 liliorum,
1039 3001 1129 3080 quos
1162 2985 1322 3080 spectata
1352 2997 1417 3050 na-

242 3113 332 3179 tura
362 3101 493 3180 habere
526 3115 660 3206 posset,
697 3103 924 3206 permittatur
958 3091 1122 3205 adopti03
1146 3144 1169 3157 -
1192 3105 1343 3188 Quarto,
1376 3109 1421 3175 ut

251 3249 329 3303 eam
357 3225 489 3304 habeat
518 3238 686 3320 aetatem,
709 3251 801 3329 quae
821 3225 981 3328 adoptati
1002 3237 1155 3302 aetatem
1174 3221 1322 3302 excedat
1351 3245 1417 3298 an-

252 3349 309 3425 nis
338 3347 458 3427 decem
487 3361 523 3427 et
550 3363 642 3444 octo,
674 3347 762 3428 adeo
790 3347 830 3427 ut
858 3373 935 3427 esse
964 3359 1084 3453 posset
1116 3348 1193 3425 eius
1219 3359 1323 3452 pater
1351 3369 1417 3422 na·

234 3455 404 3567 taralis,
427 3515 450 3531 -
472 3469 618 3562 Quinto,
647 3485 687 3551 ut
715 3471 763 3552 sit
789 3495 959 3577 praesens
982 3471 1067 3550 dum
1095 3471 1135 3549 lit
1164 3469 1321 3575 adoptio,
1344 3491 1417 3544 uon

253 3598 348 3674 euim
375 3596 452 3675 fieri
472 3609 589 3702 potest
616 3596 759 3704 adoptio
786 3621 850 3702 per
879 3581 1003 3675 literas
1031 3607 1094 3673 aut
1119 3619 1184 3700 pur
1211 3605 1421 3698 procurato-

253 3746 344 3812 rem;
371 3732 406 3799 et
426 3721 572 3826 insuper
601 3736 641 3801 ut
669 3721 860 3827 adoptatus
887 3723 925 3800 in
953 3735 1029 3800 eam
1059 3719 1258 3816 consentiat
1287 3715 1361 3822 (2).

335 3853 398 3923 232.
432 3843 582 3949 Adoptio
610 3859 729 3925 autem
757 3845 889 3950 duplex
918 3857 995 3924 est:

335 3967 515 4072 Perfecta,
544 3995 615 4073 qua
642 3995 794 4074 persona
823 3982 992 4048 extranea
1021 3968 1077 4046 sui
1106 3965 1208 4060 iuris,
1235 3963 1345 4044 lorma
1364 3961 1417 4040 le-

323 4141 1420 4219 ssffmwmmmmmmmmmfflmmdmmmsAmm-

253 4231 1421 4307 mmanwffimmmamm2ammtpsmtmuweffluo

257 4323 421 4382 mmmm
963 4319 965 4324 '

325 4408 1421 4486 oewmmmwmmnmmffiffldmmdmwmmm

255 4497 934 4574 mfflsfflmssmtdwosm.ffi.
