3402 5292
853 527 889 540 ·-
912 497 970 558 cat
992 525 1029 540 -·

352 635 413 700 tur
440 646 512 700 non
540 618 729 698 admodum
767 617 1021 715 determinata,
1054 633 1174 697 tamen
1207 618 1300 696 retio
1333 618 1517 723 potissima

353 759 633 851 propterquam
662 769 857 824 consensus
885 745 1025 849 puellae
1055 743 1091 820 in
1107 753 1262 846 raptum,
1282 741 1434 822 indolem
1463 769 1522 822 ra-

352 885 438 976 ptus
465 893 536 947 non
566 868 736 962 destruit,
766 892 810 944 er
838 893 880 947 eo
908 867 1083 972 repetitur
1111 864 1206 970 quod
1236 865 1294 944 hic
1321 891 1520 946 consensus

353 992 566 1072 abinsidiis
594 991 801 1096 nequissimi
829 991 982 1070 hominis
1009 989 1171 1096 rapinam
1186 990 1395 1072 meditantis
1410 991 1517 1072 indu·

353 1118 461 1211 citur,
491 1129 528 1194 et
557 1115 637 1194 ideo
673 1114 842 1194 violentia
871 1114 939 1218 ipsi
976 1113 1116 1191 mulieri
1154 1112 1320 1208 infertur,
1354 1116 1518 1218 quamvis

354 1240 519 1320 rideatur
555 1239 770 1318 consentire.
797 1241 854 1350 ‘Er
888 1263 960 1342 quo
992 1236 1132 1342 puellae
1165 1261 1341 1316 consensu
1374 1238 1424 1317 ita
1457 1265 1521 1318 er-

356 1379 473 1459 torto,
504 1365 566 1469 qui
597 1377 721 1468 raptus
755 1375 919 1442 naturam
958 1387 1027 1440 non
1066 1361 1240 1456 destruit,
1281 1364 1515 1468 consequitur

355 1489 478 1582 etiam,
519 1488 725 1566 violentiam
754 1514 774 1564 a
802 1489 879 1564 viro
916 1485 1038 1564 inferri
1067 1485 1138 1565 illis
1176 1485 1244 1564 sub
1272 1511 1424 1590 quorum
1454 1513 1519 1594 po-

354 1627 486 1694 testate
515 1613 633 1718 puella
672 1625 787 1692 extat.
819 1611 1053 1691 Subtrahitur
1080 1611 1174 1690 eninr
1194 1611 1313 1717 puella
1342 1639 1362 1690 a
1390 1638 1521 1718 paren·

355 1751 431 1816 tum
460 1748 659 1843 potestate,
691 1750 727 1814 et
761 1735 797 1814 in
826 1761 968 1814 manum
1002 1736 1156 1838 raptoris
1187 1734 1268 1814 dolo
1301 1737 1516 1816 traducitur.

354 1866 463 1942 Porro
490 1862 592 1940 iuxta
621 1861 686 1938 hos
714 1860 884 1939 terminos
913 1858 1083 1938 censebat
1110 1859 1308 1954 consultor,
1339 1859 1520 1940 formalem

356 2000 398 2067 ut
427 1987 529 2064 aiunt
558 1999 701 2090 raptum
729 1982 918 2061 verificari.
951 1983 1030 2062 Dixi
1051 1983 1151 2060 iuxta
1167 1983 1232 2060 hos
1252 1985 1436 2077 terminos,
1458 1985 1521 2088 qui

355 2110 499 2189 omnino
528 2109 815 2201 immutarentur,
847 2107 877 2184 si
906 2119 1084 2186 tractatus
1098 2107 1141 2186 de
1157 2107 1313 2186 ineundo
1341 2111 1524 2190 matrimo-

356 2234 415 2312 nio
443 2233 732 2338 praecessissent.
767 2237 959 2310 Coerenses
989 2231 1083 2309 enim
1111 2231 1149 2308 in
1178 2243 1324 2336 ruptum
1357 2233 1521 2314 absolute

357 2385 376 2434 a
406 2355 663 2435 Iurisconsulto
691 2353 952 2448 consideratur,
983 2367 1020 2433 ct
1050 2354 1268 2460 praescindit
1297 2384 1317 2434 a
1345 2382 1522 2436 consensu

354 2481 495 2587 puellae
516 2481 552 2560 in
573 2478 849 2558 matrimonium.
881 2479 939 2558 nit
967 2479 1061 2557 enim
1089 2478 1192 2558 aliod
1220 2491 1269 2558 est
1288 2484 1413 2586 raptui
1440 2507 1524 2560 corr-

354 2604 499 2692 sentr're,
527 2601 631 2682 eliud
667 2603 862 2681 consentire
889 2603 1120 2682 matrimonio
1156 2617 1226 2684 etc.
1262 2609 1378 2694 Quare
1416 2631 1523 2684 casus

355 2729 517 2833 tingitur,
560 2729 596 2808 in
624 2753 696 2832 quo
732 2727 857 2831 rapina
887 2727 942 2804 vel
971 2726 1105 2806 furtum
1143 2728 1306 2841 mulieris·
1330 2755 1350 2806 a
1379 2743 1524 2834 raptore

355 2852 570 2948 intenditur,
602 2865 643 2930 ut
672 2849 753 2928 inde
781 2851 922 2944 mulier,
955 2851 1020 2928 hac
1049 2851 1186 2930 ratione
1210 2879 1231 2929 a
1260 2865 1438 2958 potestate
1459 2879 1527 2958 pa-

355 2991 497 3056 rentum
525 2991 561 3056 et
588 2990 747 3055 tutorum
775 2973 974 3069 subtracta,
1005 2988 1041 3054 et
1058 2974 1253 3054 inmanem
1281 2975 1435 3080 raptoris
1459 2977 1526 3055 de-

317 3099 477 3196 -ducta,
510 3102 547 3178 in
575 3099 838 3180 matrimonium
866 3099 1068 3178 consentire
1096 3113 1258 3202 cogatur.
1283 3103 1390 3178 Porro
1419 3100 1524 3179 iuxta

356 3226 421 3304 hos
451 3227 619 3304 terminos
647 3223 748 3302 facile
776 3223 929 3327 quisque
957 3223 1126 3302 concedet
1146 3223 1349 3304 huiusmodi
1377 3237 1523 3328 raptum

355 3347 423 3426 sub
451 3348 593 3428 decreto
622 3347 766 3426 concilii
795 3346 1061 3450 comprehendi.

437 3479 474 3548 d.
493 3475 537 3549 Et
553 3471 589 3550 in
606 3469 698 3548 hanc
713 3471 925 3548 sententiam
940 3469 1064 3550 cedere
1085 3471 1229 3550 videtur
1249 3471 1401 3574 allegata
1421 3497 1523 3551 reso-

354 3595 445 3674 lutio
474 3599 510 3672 S.
542 3598 579 3672 C.
612 3591 729 3673 verbis
758 3593 846 3672 illis:
880 3625 899 3668 c
923 3595 1115 3673 Concilium
1143 3595 1332 3700 procedere
1361 3595 1470 3673 etiarn
1486 3595 1524 3672 in

359 3718 546 3796 «muliere
576 3719 717 3798 volente
745 3717 830 3796 dom
859 3729 977 3797 tumen
1006 3720 1053 3798 sit
1079 3733 1205 3824 raptus
1221 3721 1322 3800 iuxta
1351 3721 1527 3800 terminos

359 3875 377 3916 e
401 3842 488 3920 iuris
516 3843 631 3921 civilis
650 3875 684 3920 ».
717 3847 759 3922 ln
777 3867 848 3946 qua
864 3841 1068 3921 definitione
1084 3843 1422 3923 animadvertendae
1436 3859 1525 3923 sunt

358 3951 555 4072 particulae
585 3967 667 4046 illae
695 3967 779 4046 dom
810 3978 945 4052 temet,
974 3993 1066 4072 quae
1094 3995 1174 4048 cum
1202 3969 1275 4046 sint
1303 3966 1524 4055 ecclesiane,

356 4089 587 4192 significant,
620 4115 691 4169 non
729 4115 850 4168 omnes
892 4089 1125 4170 abductiones
1162 4092 1321 4170 mulieris
1350 4091 1521 4186 volentiS,

357 4215 607 4320 comprehendi
636 4214 703 4294 sub
733 4213 875 4294 decreto
895 4215 1040 4293 Concilii
1070 4215 1275 4312 tridentini;
1298 4215 1361 4294 sed
1389 4217 1528 4295 solum-

356 4339 459 4416 modo
486 4363 547 4416 eas
575 4337 807 4417 abductiones
835 4339 1102 4443 comprehendi,
1121 4365 1213 4443 quae
1242 4354 1368 4445 raptus
1396 4341 1528 4420 dicun-

356 4473 415 4538 tur
443 4459 544 4540 iuxta
573 4461 742 4540 terminos
772 4461 859 4540 iuris
897 4461 1025 4558 civilis,
1066 4460 1232 4542 videlicet
1270 4463 1372 4541 iuxta
1414 4461 1526 4568 dapem
