3424 5300
683 385 920 451 -l33-'

299 520 336 595 in
363 515 449 594 loeis
481 521 609 594 Terrae
638 519 789 592 Sanctae
816 510 1032 617 nuncupatis
1060 509 1281 616 publiaatum
1300 521 1355 588 est

188 643 231 720 in
259 639 422 720 Ecclesiis
451 638 670 730 latinorum·

303 773 476 869 Smyrnae
503 765 539 842 in
569 762 708 842 Natalia
737 763 753 869 (
781 761 812 868 ).

300 897 451 972 lanian.

299 1014 524 1093 Publioatum
553 1011 620 1091 luit
648 1010 881 1091 tridentinum
909 1008 1090 1089 decretum

307 1135 442 1241 Tripoli
469 1135 507 1214 in
535 1133 705 1214 Barbaria
733 1159 796 1213 seu
824 1132 1054 1228 Mauritania,
1086 1145 1126 1210 ut
1145 1128 1296 1210 infertur
1316 1153 1360 1208 ex

196 1286 266 1340 usu
293 1258 600 1366 publicationum;

305 1381 419 1462 Iuliae
449 1389 639 1460 Caesareae
666 1407 730 1461 seu
758 1379 894 1486 dipieri
922 1381 937 1484 (
965 1379 995 1486 ).

306 1515 472 1588 Annium
502 1505 743 1586 meridionalis
771 1517 806 1583 et
834 1504 1139 1610 septentrionalis.

308 1631 534 1710 Publioatum
562 1630 630 1710 luit
657 1629 839 1710 decretum

307 1754 345 1832 in
373 1754 555 1833 amorioao
581 1752 826 1832 meridionalis
855 1750 1053 1858 ropionibus
1073 1750 1252 1848 omnibus,
1273 1773 1371 1856 quaa,

193 1877 268 1958 sub
297 1877 432 1958 ditione
460 1871 639 1984 qnondam
668 1876 813 1957 luerunt
840 1877 915 1955 sive
943 1873 1183 1980 Hispanorum
1197 1876 1271 1954 sive
1290 1881 1366 1953 Ln-

201 2003 427 2093 sitanorarn,·

311 2127 470 2216 Caraeao
497 2123 704 2202 nominatim
733 2124 770 2202 in
798 2124 960 2218 nautea·

308 2243 346 2320 in
374 2241 493 2320 insnlo
521 2270 568 2322 ss.
605 2242 808 2322 Trinitatis.

307 2367 430 2457 Quoad
467 2367 667 2448 Amerieam
702 2367 1010 2475 septentrionalem
1048 2367 1140 2448 idem
1185 2365 1366 2446 decretum

202 2492 429 2598 publicatum
458 2505 512 2570 est

311 2617 348 2695 ln
380 2615 548 2710 Ganadd;

276 2879 313 2953 (l)
332 2879 417 2952 apuu
435 2883 602 2942 aaronitas
619 2884 696 2956 viget
707 2881 956 2942 enodationem
970 2881 1207 2954 impedimentum
1221 2881 1371 2948 dirimens,

202 2983 262 3026 non
281 2971 398 3042 quidem
419 2971 527 3028 ratione
547 2973 750 3044 publicationis
769 2972 917 3030 tridentini
937 2973 1052 3038 decreti,
1079 2971 1128 3029 sed
1148 2971 1179 3028 oi
1196 2971 1372 3042 apostolieae

205 3059 441 3131 approbationis,
466 3061 495 3118 in
515 3062 605 3120 torma
625 3063 767 3134 specifica,
787 3063 917 3119 omnium
936 3061 1114 3120 decretorum
1134 3061 1240 3133 synodi
1256 3063 1374 3133 provin-

200 3147 287 3204 cialis
308 3149 512 3206 iiaronitarnm
524 3151 553 3207 in
565 3158 660 3208 monte
684 3151 791 3208 Libano
814 3149 971 3206 celebratae
983 3164 1029 3206 an.
1050 3153 1118 3206 itta
1137 3165 1211 3220 quae
1229 3147 1326 3222 (part.
1342 3155 1370 3205 2.

203 3250 229 3293 e.
252 3241 296 3292 rt.
315 3237 346 3307 S.
365 3243 393 3293 8.
412 3253 443 3294 n.
463 3238 533 3310 nir)
553 3239 588 3296 ita
610 3240 679 3310 ipsis
699 3239 847 3296 tridentini
866 3238 970 3295 decreti
991 3239 1088 3296 verbis
1103 3237 1307 3296 duodecimum
1327 3237 1374 3296 de·

205 3325 297 3382 clarat
316 3327 553 3398 impedimentum
573 3329 729 3386 dirimens:
752 3328 898 3386 «Nullum
918 3336 962 3386 est
985 3329 1201 3386 matrimonium
1220 3327 1374 3385 clandesti-

207 3427 291 3480 num,
313 3415 385 3472 idest
404 3416 480 3487 quod
499 3417 582 3474 aliter
600 3417 788 3486 contrahitur,
808 3431 894 3488 quam
915 3423 1064 3488 praesente
1084 3417 1206 3488 parocho
1218 3415 1264 3473 vel
1284 3430 1376 3472 saeer-

203 3501 272 3644 d‘oze
290 3501 327 3560 de
346 3503 437 3576 ipsias
456 3505 573 3577 parochi
596 3507 642 3564 vel
669 3505 807 3563 ordinarii
827 3505 951 3574 lieentia,
972 3513 999 3563 et
1020 3506 1134 3564 duobus
1159 3507 1206 3576 vel
1226 3507 1318 3564 trihus
1337 3513 1375 3564 te·

207 3603 221 3644 s
236 3604 243 3644 ι
267 3602 300 3644 us
317 3609 343 3644 o.

222 3663 226 3674 '
281 3675 320 3750 (2)
338 3676 417 3734 tdde
435 3685 463 3734 at
485 3678 597 3736 Tanett.
624 3680 693 3736 Nam
714 3682 742 3738 S.
762 3683 792 3738 c.
812 3679 847 3736 de
866 3682 985 3752 Propag.
1007 3679 1063 3737 tide
1081 3680 1128 3737 die
1149 3686 1184 3738 aa
1207 3685 1276 3750 sept.
1310 3683 1380 3736 47⁶5

209 3767 352 3826 decrevit:
377 3768 567 3826 «Publioetur
586 3769 731 3826 dearmum
752 3773 780 3826 s.
796 3773 882 3828 cono.
899 3769 965 3826 trid.
986 3771 1082 3841 quoad
1102 3770 1282 3826 matrimonia
1302 3769 1381 3826 atan-

209 3855 322 3914 destina
342 3857 371 3912 in
385 3856 514 3927 qnalibet
533 3858 662 3927 paroeaia
682 3859 786 3916 Tuneti
799 3865 827 3915 et
840 3858 984 3930 alaniae,
1002 3865 1112 3915 serrata
1128 3857 1219 3914 forma
1232 3858 1268 3914 ab
1281 3857 1381 3914 eodem

210 3945 324 4003 decreta
345 3946 530 4018 praescripta,
544 3947 615 4004 tacta
628 3947 715 4005 verba
734 3959 800 4003 eum
821 3943 926 4014 SStito;
943 3953 970 4003 et
983 3945 1085 4004 deinde
1105 3945 1269 4002 huiusmodi
1289 3945 1382 4016 puhli-

210 4033 333 4092 oatiouis
353 4035 575 4092 instrumentum
597 4036 808 4093 transmittatur
825 4033 862 4092 ad
881 4037 908 4092 s.
931 4037 959 4093 C.
972 4056 1016 4086 s·
1028 4039 1115 4092 Porro
1135 4043 1191 4092 tam
1210 4033 1381 4100 Praefectus,

211 4137 300 4194 quarn
321 4124 452 4182 Vioarius
472 4125 643 4196 apostolicus
665 4123 700 4182 ad
713 4129 742 4183 S·
758 4125 834 4184 cmo
847 4133 958 4196 peraeta
980 4125 1171 4197 publicatione
1190 4125 1383 4180 instrumenta

142 4289 144 4294 Ι
213 4215 358 4274 miserunt
376 4230 453 4274 anno
472 4217 552 4274 1769.
572 4245 588 4260 -
601 4217 655 4274 ntit
675 4223 818 4286 asserunt,
838 4217 983 4274 decretum
1004 4215 1180 4287 publieatum
1200 4212 1383 4270 fuissentin

212 4303 339 4362 dioecesi
358 4305 517 4364 Teanionia
536 4319 586 4364 sea
603 4309 634 4364 s.
654 4303 790 4379 Dionysii
826 4306 893 4377 (ins.
913 4302 1069 4374 Bourbon).
1089 4303 1159 4362 Vide
1180 4301 1384 4360 tinelli-Natali

211 4393 270 4466 eit,
286 4393 484 4454 Eneltim'dion
498 4409 570 4468 pap.
590 4401 654 4452 202.
