1035 1506
524 218 543 222 -
553 210 583 226 253
593 218 611 222 -

280 240 324 260 illud
339 241 466 261 invincibiliter
480 242 570 267 ignorant,
587 241 665 261 invalide
678 241 788 261 contrahunt
801 241 864 261 matri-

279 272 358 291 monium
373 272 391 292 in
405 272 487 292 absentia
505 273 578 299 parochi
594 276 613 292 et
627 272 709 296 testium
724 278 764 291 cum
780 272 809 291 lex
823 272 864 291 irri-

280 306 321 323 tans
334 307 393 324 aetum
408 303 492 330 aliquem,
503 304 571 330 obliget
580 304 633 324 etiam
641 305 744 330 ignorantes
753 303 813 330 quoad
823 303 864 323 nul-

280 335 348 355 litatem
362 335 420 362 ipsius
434 339 492 359 actus,
507 336 550 355 licet
564 342 594 355 eos
608 342 644 355 non
661 335 728 355 afficiat
743 334 802 362 quoad
819 335 864 354 alias

279 372 346 392 poenas
364 366 406 393 quia
425 366 475 387 deest
493 366 588 391 delictum
605 370 623 386 et
639 366 683 386 haec
699 366 776 386 irritatio
794 372 830 385 non
844 365 863 385 in

279 404 355 423 poenam
368 397 479 418 clandestine
488 398 633 418 contrahentium
643 397 746 424 imponitur,
758 397 789 417 sed
799 396 822 416 ad
832 396 864 416 de-

279 428 362 449 testanda
376 435 397 449 ac
411 429 507 449 avertenda
526 429 629 455 gravissima
645 429 699 452 mala,
717 435 764 455 quae
777 434 799 448 ex
814 428 863 448 clan-

279 459 355 479 destinis
368 459 463 480 connubiis
476 460 580 480 oriebantur
594 460 682 486 (Sanchez
691 459 723 479 lib.
735 461 753 479 3.
765 459 812 486 disp*
830 461 860 479 ¹7.

279 497 328 510 num.
346 491 386 516 ¹0).
397 492 455 513 Quare
465 491 483 511 in
493 491 572 511 themate
582 491 631 511 nullo
641 494 693 517 pacto
700 490 794 516 suffragari
804 493 862 517 potest

278 521 312 541 viri
326 521 435 547 ignorantia.

407 585 424 607 a)
436 584 459 603 De
470 585 549 604 domicilio
561 586 579 604 et
590 584 729 609 quui-domicilio.

318 644 350 662 26.
366 644 389 663 At
403 649 444 663 vero
458 643 540 669 quamvis
554 649 604 663 sacra
618 643 701 669 Synodus
710 649 732 662 eo
739 642 810 662 decreto
819 648 862 662 san-

278 673 332 697 xerit,
348 674 479 693 matrimonium
497 674 568 694 nonnisi
583 680 641 694 coram
657 674 735 700 parocho
748 677 766 694 et
785 673 862 693 testibus

278 704 337 724 valide
351 705 442 729 centrahi3
457 706 539 731 quamvis
552 705 600 725 clare
609 705 692 728 edixerit,
704 705 800 731 paroehum
810 704 861 724 illurn

277 741 316 755 csse
330 735 402 759 dehere,
418 736 447 756 eui
461 736 582 756 subiiciuntur
591 736 726 756 contrahentes:
738 739 797 756 tamen
811 735 862 762 quis-

278 773 319 786 nam
333 767 352 786 in
366 767 425 793 specio
439 767 526 787 dicendus
539 768 564 788 sit
576 767 660 794 proprius
675 767 820 787 contrahentium
829 773 862 793 pa-

277 798 351 821 rochus,
365 804 397 818 seu
411 799 439 818 cui
455 798 555 819 istiusmodi
573 798 699 822 subiiciantur,
715 798 787 818 minime
801 798 862 818 decla-

277 829 331 853 ravit,
346 829 373 849 uti
387 832 438 849 notat
452 829 545 849 Benedict.
560 831 600 850 XIV
614 830 672 855 (lust.
688 829 736 849 Eecl.
753 832 784 849 33.
801 835 820 848 n.
830 829 858 855 3).

277 860 323 880 Hinc
336 861 356 880 S,
371 861 394 879 H.
410 861 429 880 C.
438 860 461 880 ab
475 867 522 880 anno
538 863 588 880 1573
599 860 645 880 hanc
652 860 721 880 diluere
731 861 789 886 coepit
803 866 860 886 quae-

276 891 352 911 stionem
368 891 390 911 de
405 891 479 917 proprio
497 891 641 911 contrahentium
659 891 745 918 parocho,
764 895 859 911 statuens:

278 929 287 940 ‹
299 921 321 941 ad
336 922 445 941 validitatem
460 922 568 942 matrimonii
582 922 663 942 sufficere
674 922 794 948 praesentiam
804 922 860 942 solius

276 953 349 979 parochi
363 953 434 980 proprii
447 959 521 980 sponsae
534 956 566 973 aut
579 953 640 980 sponsi
648 961 657 972 ι
672 953 822 980 quemadmodum
831 960 861 973 re<

276 983 311 1004 fert
325 984 371 1004 idem
385 984 493 1004 Benedictus
506 984 533 1011 (l.
548 991 565 1004 o.
581 991 600 1004 n.
616 986 645 1010 5).
657 985 680 1004 Et
694 984 711 1004 id
726 984 808 1011 quamvis
817 991 859 1004 con-

277 1015 359 1035 trahatur
366 1015 497 1035 matrimonium
503 1019 554 1035 extra
558 1015 663 1041 'parochiam
668 1015 741 1042 parochi
749 1015 858 1039 assistentis,

276 1049 297 1066 ut
311 1046 372 1066 eadem
389 1047 408 1066 S.
429 1047 448 1066 C.
463 1046 529 1066 clarius
548 1046 566 1065 in
583 1046 623 1066 aliis
641 1046 761 1066 decisionibus
779 1046 857 1070 censuit,

276 1080 322 1096 teste
331 1076 409 1097 Barbosa
419 1077 456 1103 (De
466 1077 509 1103 offic.
521 1080 537 1096 et
545 1080 609 1103 potest.
615 1076 698 1103 parochi,
707 1080 757 1103 part.
766 1079 785 1096 2.
796 1083 812 1096 c.
824 1079 858 1096 21.

276 1113 295 1127 η.
312 1108 355 1133 45).
371 1108 413 1128 Post
427 1107 471 1127 inud
485 1111 545 1127 antem
559 1107 650 1128 decretum
666 1114 697 1129 an.
714 1110 772 1131 1573,
787 1107 806 1127 in
820 1107 860 1127 suis

275 1138 312 1158 sere
326 1139 424 1159 innumeris
438 1138 559 1159 decisionibus
566 1138 588 1158 ad
596 1139 687 1165 proposita
694 1139 805 1159 diversarum
815 1145 858 1158 cau-

274 1175 334 1189 sarum
348 1170 415 1194 dubia,
433 1170 498 1189 clarius
512 1170 573 1190 docuit
589 1173 727 1197 constanterque
739 1170 805 1193 tenuit,
814 1176 858 1196 pro-

272 1201 334 1227 prium
348 1208 388 1221 eum
399 1201 498 1228 parochum
512 1201 661 1228 nuncupandum,
674 1201 694 1221 in
708 1201 758 1221 euius
770 1201 857 1228 parochio
