3406 5302
631 431 806 493 -267-

148 562 290 666 «prins
318 562 355 640 in
383 565 496 666 ipsam
522 588 587 670 per
615 561 781 668 baptismi
811 561 954 640 ianuam
982 561 1090 641 luerit
1109 563 1310 666 ingressus,

148 688 227 763 ‹Si
257 685 441 790 baptizati,
466 711 549 790 ergo
582 686 760 765 Ecclesiae
792 685 855 763 lilii
885 687 1126 790 (quamquam
1159 687 1314 770 rebelles

146 822 224 888 «et
251 807 483 912 transfugae)
515 812 578 916 qui
615 809 773 889 eiusdem
808 809 985 888 lieelesiae
1018 810 1157 914 legibus
1194 813 1309 894 subii-

150 960 169 1004 «
193 929 379 1008 ciuntur»
410 928 484 1034 (l).

223 1057 271 1132 llt
298 1053 407 1156 igitur
434 1053 503 1132 diei
532 1054 643 1158 possit
671 1053 869 1132 haereticos
896 1069 1172 1160 esseexemptos
1190 1059 1305 1162 alege

141 1177 337 1256 tridentina
365 1179 528 1258 irritante
555 1177 775 1256 clandestina
807 1178 1045 1273 matrimonia,
1068 1179 1157 1260 inita
1177 1205 1303 1287 nempe

143 1299 280 1406 absque
307 1301 510 1406 praesentia
537 1300 682 1406 paroebi
710 1326 751 1378 ae
779 1304 922 1379 testium
939 1303 977 1380 in
1004 1301 1089 1382 loeis
1108 1303 1171 1382 nbi
1200 1329 1304 1409 prae·

141 1423 276 1502 dietum
304 1424 485 1503 decretum
513 1423 733 1528 publioatum
761 1437 829 1518 est,
847 1423 992 1502 aliunde
1013 1426 1168 1504 rationes
1188 1430 1301 1532 repeti

142 1547 289 1626 debent.
321 1551 399 1626 Non
418 1549 511 1626 enim
529 1547 614 1652 quia
635 1547 818 1642 haeretiei,
841 1547 920 1626 ideo
940 1547 984 1625 ab
1005 1548 1072 1626 bae
1091 1549 1168 1652 lege
1186 1573 1308 1628 erem-

142 1671 210 1775 pti‚
242 1671 334 1749 idest
362 1672 498 1750 ratione
522 1670 722 1777 personalis
753 1670 984 1776 exemptionis
1013 1697 1076 1750 seu
1100 1671 1300 1777 privilepii.

140 1794 352 1873 Huiusmodi
381 1821 484 1900 porro
513 1795 684 1890 rationes
707 1809 748 1874 ut
767 1807 883 1874 oetera
904 1795 1115 1875 documenta
1143 1811 1305 1901 praeter·

141 1919 295 2014 mittam,
327 1934 402 1997 tum
431 1945 473 1998 ex
502 1919 546 1997 iis
578 1945 671 2024 quae
708 1919 901 1998 deelaravit
929 1933 964 1998 at
997 1919 1118 1999 denuit
1149 1921 1304 2000 Benedi-

142 2058 220 2123 etus
248 2049 342 2138 xlv,
375 2058 449 2123 tum
470 2069 513 2123 er
532 2044 576 2122 iis
591 2069 682 2149 quae
702 2057 825 2148 postea
845 2044 974 2124 iterum
994 2043 1115 2123 docuit
1133 2045 1218 2124 Pius
1236 2050 1303 2125 Vll

142 2166 178 2244 in
206 2167 377 2272 praelatis
404 2168 548 2263 litteris,
580 2173 657 2247 erui
685 2181 848 2272 possunt.
867 2213 891 2230 -
911 2168 1087 2272 Imprimis
1114 2169 1208 2247 enim
1236 2173 1305 2248 Ile·

142 2292 306 2370 nedielns
334 2296 413 2372 XIV
441 2293 497 2372 die
527 2301 548 2370 t
580 2291 780 2370 novembris
798 2300 893 2370 root
913 2292 1085 2372 eelebrem
1114 2293 1213 2372 dedit
1232 2301 1302 2374 De-

142 2415 372 2495 elorotionem
400 2417 492 2496 eirea
520 2417 743 2495 matrimonia
764 2415 974 2495 Hellandiae
989 2429 1024 2495 et
1044 2417 1155 2520 Belgii
1183 2417 1303 2498 loede-

142 2555 299 2621 ratorum
327 2541 505 2634 ordinum,
537 2543 574 2618 in
601 2565 672 2645 qua
703 2539 900 2620 «omnibus
918 2541 1096 2620 rationum
1115 2546 1302 2624 momentis

144 2665 269 2744 «bine
297 2665 379 2744 inde
407 2664 530 2743 sedulo
559 2664 712 2758 libratis,
743 2665 951 2760 declaravit,
983 2665 1194 2770 statuitque,
1225 2693 1302 2744 ma-

144 2787 350 2866 ‹trimonia
388 2791 425 2866 in
462 2787 567 2866 dietis
603 2786 793 2867 foederatis
830 2789 941 2892 Belgii
979 2791 1169 2892 provineiis
1207 2792 1302 2870 inter

146 2943 164 2987 ‹
187 2915 385 2992 haereticos
415 2937 529 3017 usque
548 2912 651 2990 modo
668 2925 864 3008 eontracta,
886 2937 1050 3018 quaeque
1064 2916 1102 2992 in
1121 2929 1302 3019 posterum

145 3036 455 3131 ‹contrahentur‚
487 3035 625 3115 etiamsi
655 3035 763 3112 forma
792 3061 812 3112 a
841 3034 1049 3116 Tridentino
1081 3038 1301 3143 praescripta

145 3187 255 3238 ‹non
284 3159 390 3238 luerit
419 3160 455 3236 in
483 3159 527 3236 iis
554 3157 777 3237 celebrandis
804 3171 958 3253 servata,
986 3158 1176 3238 dummodo
1203 3161 1302 3240 aliud

146 3315 162 3358 <
185 3309 257 3363 non
285 3283 466 3362 obstiterit
492 3283 700 3362 canonicum
718 3282 1006 3386 impedimentum
1026 3283 1301 3388 (impedimentis

144 3433 265 3512 «erqo
299 3407 405 3485 otium
439 3404 607 3484 baeretici
643 3407 839 3510 tenentur),
873 3433 936 3512 pro
973 3406 1102 3485 validis
1134 3407 1300 3487 habenda
1395 3433 1398 3440 ·

144 3555 301 3611 ‹esse›
333 3531 397 3632 (In
423 3529 558 3606 Bullar.
590 3530 723 3608 Bened.
755 3541 783 3608 t.
817 3541 853 3608 l.
883 3555 920 3634 p.
955 3537 1002 3609 87
1033 3543 1068 3609 et
1096 3530 1229 3636 seqq).

219 3665 282 3736 39.
316 3660 358 3732 dt
386 3679 560 3758 quaenam
575 3654 720 3734 luerunt
744 3658 918 3750 rationes,
949 3682 1101 3760 quarum
1119 3659 1155 3736 vi
1175 3658 1302 3736 huius-

139 3781 231 3860 modi
270 3777 472 3858 Declorotio
509 3779 651 3856 tandem
679 3779 833 3884 prodiitl
862 3786 1016 3887 ipsemet
1043 3783 1205 3862 Pontifex
1235 3789 1302 3862 Be-

138 3904 301 3983 nedietns
329 3906 408 3980 xlv
434 3900 636 3979 earumdem
666 3903 858 3991 rationum,
887 3931 977 4010 quas
997 3905 1153 4009 theologi
1174 3921 1212 3986 et
1239 3933 1300 3985 ea-

139 4028 301 4104 nonistae
329 4023 618 4127 Congregationis
646 4025 690 4102 ad
711 4027 803 4106 bane
830 4027 1034 4108 diluendam
1054 4032 1300 4136 quaestionem

139 4149 339 4254 specialiter
354 4147 500 4242 aeoitae,
515 4147 716 4226 inmedium
732 4152 971 4254 protulerunt,
990 4154 1100 4232 veluti
1116 4157 1298 4260 synopsim

138 4271 344 4379 suppeditat
372 4271 409 4349 in
436 4295 501 4349 suo
530 4274 597 4375 Op.
620 4271 662 4350 de
687 4275 825 4379 Spnodo
853 4275 932 4382 (lib.
953 4285 991 4355 6.
1014 4301 1045 4356 e.
1066 4282 1106 4383 6)
1135 4304 1297 4384 quasque

207 4431 246 4506 ll)
264 4407 360 4490 ¹Habes
379 4431 430 4488 trus
451 4429 547 4486 literas
566 4431 735 4501 apostolicas
755 4435 828 4492 inlra
849 4437 878 4494 in
897 4437 1061 4510 Appendioe
1079 4443 1117 4494 θ’.
