3406 5302
661 463 698 478 ...
719 431 778 494 237
802 459 835 476 d

176 588 195 632 ‹
221 569 267 640 10
296 559 428 638 mensis
455 558 537 636 maii
554 555 659 636 inivit
684 581 763 635 cum
784 559 974 658 Margarita
994 561 1053 648 t..
1076 556 1199 660 inquo
1218 554 1334 634 dictus

176 713 194 754 «
219 683 370 760 Aloisins
386 687 426 760 B.
445 682 575 760 dicitur
596 681 689 786 salius
710 681 897 782 Augustini
918 685 958 758 Β.
983 694 1017 758 et
1037 680 1241 758 Dominicue
1261 685 1334 756 P.-

175 809 436 909 ‹llecogncvit
464 806 604 884 demum
635 810 680 882 R.
712 809 755 882 ll.
780 805 939 883 Vicarius
959 805 1134 907 generalis
1154 829 1196 883 en
1217 803 1335 884 allatis

175 930 318 1008 «libris
346 931 533 1034 parochiae
563 935 621 1022 B.,
654 933 794 1008 Bertam
824 953 902 1007 esse
931 929 1036 1006 liliam
1076 928 1197 1006 Aloisii
1226 931 1266 1006 B.
1299 939 1336 1006 et

176 1085 194 1128 a
217 1057 348 1132 llrrriac
364 1053 574 1156 Margaritae
586 1059 625 1130 Τ.
640 1067 752 1132 ortam
768 1078 860 1131 anno
880 1059 976 1131 teet
994 1052 1051 1130 die
1068 1061 1090 1130 l
1106 1051 1291 1130 februarii.
1314 1083 1333 1124 a

252 1177 537 1280 Sullragantibus
559 1181 679 1280 itaque
699 1177 962 1281 parochialibus
977 1176 1158 1256 codicibus
1174 1177 1335 1254 luculen-

173 1319 228 1384 ter
254 1315 406 1394 constat,
452 1299 583 1379 litium
623 1309 660 1378 S.
693 1315 728 1380 et
762 1308 906 1380 Bertum
936 1309 979 1378 B.
1021 1303 1126 1380 tortio
1163 1301 1257 1380 inter
1296 1327 1335 1380 se

172 1426 494 1528 consanguinitatis
534 1425 645 1528 gradu
662 1425 842 1527 coniungi.
866 1425 1045 1530 Siquidem
1063 1425 1086 1502 ii
1107 1449 1177 1502 non
1207 1449 1277 1502 uno
1296 1424 1334 1502 in

172 1553 248 1631 loco
290 1577 398 1656 snpra
436 1565 615 1630 exoratam
655 1549 894 1653 genealogiam
931 1549 1191 1654 suppeditant,
1218 1573 1334 1652 neque

173 1675 331 1756 dubitari
361 1675 414 1754 las
442 1692 497 1755 est
524 1676 568 1754 de
597 1701 717 1754 eornm
746 1675 1034 1764 authenticitate,
1056 1699 1167 1777 quum
1195 1672 1250 1778 (in
1269 1673 1331 1751 cit.

172 1801 286 1902 Alleg.
319 1799 364 1902 A)
385 1799 537 1902 legatur,
560 1798 655 1904 quod
676 1797 767 1876 idem
789 1798 949 1876 Vicarius
969 1796 1144 1898 generalis
1164 1821 1235 1873 una
1254 1821 1335 1876 cum

172 1923 387 2002 matrimonii
417 1922 555 2000 vindice
587 1953 604 1994 ι
633 1921 852 2024 Recognovit
889 1921 1046 2014 tandem,
1083 1933 1183 1998 actus
1215 1943 1336 1997 omnes

176 2064 294 2126 «tum
323 2047 583 2150 baptizatorum
614 2061 687 2124 tum
716 2046 1033 2136 matrimoniorum,
1051 2067 1141 2148 quos
1169 2055 1336 2146 utsupra

176 2171 448 2264 «examinarit,
480 2195 557 2250 esse
586 2172 744 2271 integros
772 2183 808 2247 et
836 2168 1073 2272 incorruptae,
1105 2165 1227 2244 ecdem
1250 2166 1337 2242 oha-

176 2309 365 2386 ‹ractcrc‚
399 2319 504 2370 ntann
533 2308 569 2372 et
597 2305 794 2370 atramento
821 2306 1001 2385 exaratos,
1037 2291 1169 2396 quibus
1207 2290 1336 2394 reliqui

175 2452 194 2495 a
216 2443 337 2498 omnes
353 2417 603 2496 antecedentes
619 2431 654 2496 ct
669 2417 985 2518 subsequenteset
1000 2414 1116 2492 omnia
1133 2414 1338 2516 genuinita-

175 2545 263 2621 «tis
291 2557 327 2620 et
355 2539 640 2620 authenticitatis
669 2539 799 2617 indicia
828 2537 999 2616 exhibere
1022 2569 1056 2614 a.

257 2675 317 2744 13.
350 2670 393 2742 At
423 2664 553 2740 vinculi
583 2663 711 2762 iugalis
738 2661 901 2740 delensor
923 2662 1018 2739 illam
1037 2659 1339 2754 attollitdtthoot-

172 2803 282 2868 tatem
310 2813 402 2892 quae
430 2787 545 2865 oritur
571 2811 614 2864 ea
644 2785 784 2864 delectu
813 2787 1009 2890 particulae
1029 2785 1244 2864 matrimonii
1269 2789 1338 2862 llo-

172 2916 322 2991 minicac
350 2916 389 2989 P.
421 2937 499 2990 curn
529 2910 727 3012 Augustino
756 2915 815 3004 B.,
838 2923 1033 3014 temporum
1056 2909 1173 2988 lorsan
1193 2910 1339 2988 calami-

172 3053 246 3116 tate
278 3039 405 3115 omissa
423 3042 499 3134 (an.
526 3035 660 3134 1790),
699 3034 819 3138 inqua
835 3033 1010 3138 particula
1026 3059 1219 3136 cognomen
1243 3035 1340 3112 eius-

172 3161 251 3240 dem
269 3160 426 3238 mulieris
443 3162 569 3236 luisset
599 3159 941 3237 errarnciatum.Hinc
961 3157 1073 3260 rigide
1101 3157 1260 3262 quidem,
1275 3157 1338 3237 sed

172 3285 248 3362 iure
276 3285 357 3388 quis
385 3295 504 3388 posset
534 3281 712 3384 ambigere
741 3307 786 3360 an
818 3282 877 3361 illa
915 3281 1054 3375 mulier,
1088 3307 1177 3360 uxor
1214 3287 1369 3384 Augu-¹

173 3409 257 3486 stini
273 3411 315 3484 Β.
334 3421 370 3486 et
398 3407 476 3484 avia
503 3411 644 3500 Bortre,
659 3407 706 3484 sit
726 3407 785 3483 illa
802 3407 981 3484 Dominica
998 3405 1069 3484 hlia
1085 3405 1246 3484 Andreae
1275 3411 1334 3500 P.,

174 3557 220 3608 an
248 3556 331 3608 vero
360 3530 428 3608 alia
468 3530 647 3608 llomiaica
684 3555 725 3608 ex
765 3529 845 3606 aliis
880 3530 1092 3634 parentibus
1128 3544 1220 3608 crta.
1262 3534 1338 3620 Qua

174 3656 285 3734 altera
315 3654 503 3762 hypothesi
534 3659 638 3731 Bortu
668 3657 709 3732 B.
740 3653 912 3753 originem
941 3679 1011 3732 non
1041 3651 1190 3732 haberet
1214 3655 1260 3732 ab
1297 3679 1339 3732 eo

174 3781 310 3884 stipite,
342 3807 362 3856 a
390 3806 461 3884 quo
489 3780 698 3883 progenitus
727 3778 794 3858 luit
822 3779 936 3857 Titius
956 3784 1010 3874 S.,
1034 3793 1070 3858 et
1089 3792 1226 3856 asserta
1246 3777 1339 3856 inter

173 3927 232 3980 eos
260 3902 550 4004 consanguinitas
579 3903 762 3980 exulatum
790 3901 918 3980 abiret.

255 4031 381 4104 Verum
412 4024 614 4104 huiusmodi
643 4025 835 4104 dillicultas
863 4039 1002 4128 quanta
1021 4041 1077 4104 est
1097 4027 1277 4105 evanescit
1296 4051 1341 4104 ex

176 4173 216 4226 eo
243 4153 338 4253 quod
367 4150 404 4226 in
433 4150 608 4253 particula
637 4149 852 4226 matrimonii
882 4149 1003 4226 Aloisii
1034 4155 1092 4244 B.,
1126 4150 1183 4227 hic
1216 4149 1342 4228 inscri-

174 4271 270 4351 bitur
299 4273 393 4351 lilius
422 4273 611 4374 Augustini
641 4277 682 4350 Β.
718 4281 754 4350 ot
780 4273 982 4351 Dominiooe
1009 4279 1049 4352 P.
1076 4279 1118 4354 Et
1138 4301 1175 4352 ro
1195 4273 1341 4377 quidem

175 4425 257 4478 reru
285 4399 331 4478 ad
359 4399 583 4478 identitatem
611 4423 842 4504 personarum
871 4423 942 4476 nnn
970 4400 1138 4480 maiorem
1161 4399 1339 4505 probandi
