3456 5300
896 461 1073 525 -tot-

477 595 540 665 12.
572 591 626 664 dn
654 597 773 664 autern
801 585 991 666 eiusmodi·
1007 609 1232 664 romanorum
1260 583 1471 664 Pontificum
1498 609 1563 689 po-

395 722 506 790 testas
533 723 654 790 ratum
683 709 841 789 fidelium
869 709 1059 790 dirimendi
1087 711 1305 813 coniugium,
1335 709 1561 790 extendenda

395 835 443 912 sit
471 834 577 912 etiam
606 833 651 912 ad
681 833 906 912 rnatrImonia
935 834 972 912 in
1001 831 1211 913 infidelitate
1230 859 1294 912 seu
1314 847 1397 914 onte
1424 833 1563 940 baptis-

395 983 505 1052 mum,
542 981 615 1036 non
646 955 791 1063 quidem
825 970 905 1063 pust
938 957 1154 1063 baptismum
1187 983 1259 1063 quo
1291 959 1497 1063 coniugium
1522 957 1563 1037 fit

394 1095 526 1176 return,
557 1093 816 1176 consummate,
840 1079 1016 1160 dissident
1035 1081 1153 1160 adhue
1172 1085 1354 1162 Doctores.
1376 1083 1562 1162 Affirmant

393 1207 487 1284 inter
500 1205 929 1310 pluresaliosNavarrus,
944 1205 1116 1302 Sanohez,
1135 1207 1375 1302 Verrieellius,
1395 1207 1556 1310 Pirhiug,

394 1329 631 1434 Reginoldus‚
650 1334 851 1435 Laymann,
872 1329 1074 1424 Filliuoius,
1096 1329 1158 1436 qui
1179 1343 1347 1426 testatur,
1370 1330 1559 1410 Pontifioes

395 1453 590 1559 aliquando
618 1453 858 1559 dispensasse.
890 1456 1032 1556 Negant
1051 1451 1222 1546 Coninoh,
1244 1457 1358 1532 Ponee
1377 1467 1458 1560 post
1476 1457 1564 1531 Ilus·

395 1603 486 1683 quez
514 1592 551 1657 et
578 1577 653 1656 alii.
676 1581 851 1656 -Omnes
888 1589 1008 1671 autem
1038 1589 1176 1671 tenent,
1212 1603 1284 1656 non
1311 1603 1414 1683 posse
1442 1577 1565 1657 Ponti·

397 1702 498 1782 froom
525 1704 602 1780 sine
631 1725 739 1780 eausa
767 1699 976 1806 dispensare
1004 1713 1068 1780 aut
1095 1701 1207 1804 legern
1222 1701 1459 1782 universalem
1478 1725 1565 1780 oon-

399 1824 483 1904 dere
511 1850 582 1930 qua
597 1827 715 1902 omnia
729 1849 771 1902 ea
790 1823 1014 1903 matrimonia
1031 1823 1159 1920 irritet,
1178 1837 1241 1902 aut
1260 1823 1299 1903 in
1313 1824 1370 1902 his
1398 1823 1563 1904 omnibus

395 1949 597 2055 dispenset,
629 1947 706 2044 sed,
738 1950 776 2027 iu
802 1949 917 2054 prima
945 1949 1138 2042 sententia,
1169 1960 1428 2053 tantumposse
1447 1973 1563 2052 quan·

356 2129 361 2138 -
399 2088 472 2153 turn
502 2073 540 2151 in
567 2074 659 2152 votis
688 2071 844 2151 fidelium
864 2071 939 2179 (1).
957 2072 1065 2151 -Sed
1094 2070 1200 2168 iufra,
1218 2072 1263 2152 de
1283 2069 1565 2178 interpellatione

393 2197 536 2299 coniugi
564 2181 698 2275 infideli
725 2194 888 2274 laniendo
916 2194 1147 2291 disserentes,
1178 2193 1378 2274 videbimus
1405 2193 1492 2300 quid
1520 2191 1564 2274 de

396 2319 452 2398 his
480 2318 621 2398 duobus
648 2317 820 2424 oppositis
857 2317 1047 2396 sententiis
1083 2316 1271 2398 dioeuduro
1308 2318 1369 2397 sit.
1401 2318 1442 2397 Id
1470 2317 1565 2396 enim

395 2444 546 2523 maxime
573 2443 729 2548 pendere
758 2441 913 2522 arbitror
940 2469 984 2520 ex
1012 2468 1135 2537 seusu,
1166 2468 1238 2548 quo
1266 2443 1379 2549 aoeipi
1406 2441 1564 2522 debeant

396 2567 683 2672 dispensationes
710 2591 898 2646 conoessae
919 2591 982 2672 per
1001 2567 1212 2672 apostolicas
1236 2567 1374 2648 litteras
1402 2591 1565 2672 praeser-

396 2693 460 2772 tim
489 2717 520 2770 s.
542 2692 643 2771 PiiV
668 2703 704 2769 et
731 2690 890 2793 Gregorii
917 2693 1018 2784 XIII,
1050 2705 1091 2770 ut
1118 2692 1342 2771 matrimonia
1370 2703 1451 2797 post
1477 2689 1567 2796 bap-

395 2819 538 2896 tismum
567 2816 670 2910 inita,
702 2839 775 2893 non
803 2815 948 2894 monitis
975 2813 1156 2919 prioribus
1183 2815 1396 2919 coniugibus
1434 2813 1565 2893 infide-

398 2941 507 3036 libus,
531 2941 586 3020 vel
600 2939 764 3046 quamvis
784 2953 820 3018 et
840 2939 928 3045 ipsis
948 2939 1017 3016 iam
1033 2940 1212 3024 conuersis
1232 2939 1276 3018 ad
1292 2941 1422 3020 Christi
1442 2939 1562 3032 fidem,

397 3043 515 3144 valida
544 3076 581 3142 et
608 3063 709 3142 firma
738 3075 873 3142 essent.

480 3195 541 3266 13.
573 3185 832 3290 Inquirendom
865 3185 986 3291 itaque
1019 3186 1171 3292 primurn
1196 3212 1243 3266 an
1270 3199 1306 3266 et
1324 3185 1468 3293 quando
1487 3189 1567 3265 vin·

398 3311 519 3389 oulurn
555 3310 710 3413 coniugii
747 3309 786 3388 t'o
823 3309 1033 3415 infidelitate
1069 3314 1241 3391 eontraoti
1278 3311 1467 3392 dirimatur
1503 3335 1566 3416 per

399 3434 609 3514 alterutrius
646 3435 806 3538 coniugis
837 3433 882 3514 ad
916 3435 1046 3514 Christi
1080 3435 1185 3516 fidem
1217 3437 1492 3523 couversionem,
1531 3449 1567 3516 et

397 3557 484 3665 quid
504 3559 550 3638 ad
569 3559 636 3638 hoe
654 3563 872 3665 requiratur.
895 3605 919 3622 -
941 3593 959 3634 ‹
978 3565 1120 3640 Certum
1149 3575 1217 3658 est,
1249 3561 1367 3668 inquit
1395 3559 1567 3640 Benedic-

400 3697 458 3762 tus
485 3687 566 3762 xlv
594 3680 670 3790 (ἓ),
703 3681 898 3762 iulideliurn
927 3685 1129 3788 coniugium
1158 3685 1218 3793 (3)
1242 3711 1285 3765 ex
1314 3686 1500 3792 privilegio
1529 3685 1565 3763 in

398 3927 491 3986 dotto
508 3943 559 3988 seu
577 3937 690 4003 quest.
710 3937 738 3988 2.
758 3947 788 3986 o.
808 3937 854 3990 to.
877 3959 909 3972 -
928 3931 976 3990 co
994 3933 1186 3992 ettamconst.
1204 3933 1347 3992 Benediott
1369 3936 1430 3992 xlv
1449 3932 1501 3991 Del
1513 3931 1567 3990 mt-

400 4018 545 4074 mertone
561 4015 592 4086 S.
614 4021 657 4074 ts.
678 4031 765 4088 quom
785 4023 813 4074 et
831 4017 877 4072 hio
895 4017 984 4076 habos
1003 4018 1033 4074 iu
1050 4017 1211 4090 Appotdr'ee
1230 4023 1256 4074 t.

470 4105 503 4175 (lt
524 4105 594 4164 Vide
613 4107 659 4164 eit.
680 4106 890 4164 collectaneum
909 4107 1060 4166 sootetotts
1079 4107 1251 4166 Ituowoum
1268 4124 1300 4164 o.
1314 4111 1375 4174 921,
1396 4121 1466 4180 pap.
1497 4113 1566 4173 tou·

399 4192 456 4261 vet,
476 4201 588 4265 praeter
606 4194 705 4252 citatos
724 4197 875 4260 turtures,
888 4194 955 4252 vido
975 4197 1101 4252 terreris
1114 4195 1185 4254 etot.
1198 4211 1264 4254 coo.
1277 4203 1347 4254 tom.
1360 4201 1387 4251 5.
1400 4195 1490 4254 verbo
1503 4209 1567 4252 mo-

400 4281 522 4338 ttt'moo.
542 4298 573 4338 o.
596 4287 656 4338 m.
674 4296 746 4353 pop.
766 4287 818 4340 224
838 4283 868 4338 in
888 4290 964 4352 notu,
984 4283 1051 4342 edit.
1072 4284 1188 4354 Neapoli
1209 4283 1288 4342 1853.

471 4365 508 4439 (2)
528 4371 567 4425 De
584 4369 701 4442 synodo
721 4369 773 4426 lib.
794 4376 822 4428 t.
842 4385 906 4442 cop.
928 4375 954 4424 t.
973 4386 1005 4426 o.
1024 4375 1052 4428 t.

471 4456 507 4524 (3)
528 4457 616 4512 Etiarn
637 4465 867 4515 consummatum
887 4464 1014 4529 tempore
1033 4457 1220 4518 iufldelitotis.
1246 4511 1248 4518 .
