3424 5300
894 429 1067 496 -1eo-

482 563 545 636 152
576 559 699 637 lunare
728 569 847 639 autem
874 555 1007 638 dehent
1034 569 1157 651 testes,
1188 555 1242 635 uti
1270 567 1306 634 et
1333 553 1501 655 coniuges
1523 565 1558 631 et

400 681 462 784 qui
490 682 752 764 matrimonium
782 696 923 788 praeter
950 683 1118 786 coniuges
1145 692 1367 774 accusarent,
1389 703 1426 758 se
1442 676 1486 755 de
1505 678 1561 756 in-

402 805 680 908 terrogationum
698 804 743 884 ad
759 831 819 886 eos
838 805 1104 910 dirigendarum
1125 805 1275 898 obiecto,
1298 829 1338 882 ac
1356 802 1399 882 de
1417 827 1455 882 re
1469 813 1558 888 toto,

400 925 443 1006 de
471 953 542 1034 qua
570 929 767 1035 deposituri
785 942 883 1025 sunt,
907 931 1093 1012 veritatem
1111 929 1270 1010 dicturos
1288 942 1329 1008 at
1348 953 1425 1008 eam
1443 952 1559 1010 coram

400 1056 471 1130 Deo
498 1067 534 1137 et
561 1055 779 1140 conscientia
807 1068 1023 1160 compertam
1050 1054 1199 1148 habent,
1230 1067 1267 1139 et
1294 1051 1398 1159 plene
1414 1077 1455 1132 ac
1474 1049 1561 1131 fide-

398 1177 481 1266 liter
507 1180 596 1284 quin
623 1179 759 1284 aliquid
787 1181 935 1276 addam,
966 1182 1132 1262 omittant
1160 1179 1216 1260 vel
1244 1180 1445 1274 immutent,
1476 1202 1561 1261 oon-

401 1327 488 1406 grua
507 1302 551 1382 de
567 1303 799 1388 iurisiurandi
815 1308 1005 1386 sanctitate
1020 1304 1260 1415 admonitione
1273 1303 1466 1410 praemissa
1483 1299 1555 1406 (l).

402 1469 424 1486 -
444 1426 542 1508 oiri:
573 1427 615 1509 de
642 1454 681 1508 re
708 1440 801 1508 toto:
830 1429 939 1510 iudici
972 1430 1065 1514 enim
1094 1429 1131 1508 io
1159 1423 1290 1506 iudicio
1324 1428 1477 1531 legitime
1505 1428 1560 1504 iu·

400 1551 596 1654 terroganti
633 1552 832 1657 patefacere
869 1553 977 1638 debet
1009 1557 1111 1636 testis
1138 1579 1180 1640 ca
1217 1554 1338 1648 etiam,
1373 1576 1465 1656 quae
1493 1549 1559 1630 sub

287 1755 291 1766 ,
400 1674 596 1756 arctissimo
616 1678 772 1766 naturali
787 1693 923 1762 secreto
942 1694 979 1760 et
996 1679 1227 1762 iureiurando
1246 1681 1396 1784 accepit,
1414 1691 1559 1783 excepto

399 1823 546 1902 prorsus
573 1803 820 1882 sacramentali
849 1819 999 1900 secroto,
1031 1805 1069 1886 in
1096 1830 1168 1910 quo
1195 1803 1294 1888 nulla
1315 1803 1470 1884 humana
1497 1827 1561 1906 po-

400 1938 512 2004 testas
540 1927 674 2007 sciendi
703 1930 760 2020 ius
787 1929 910 2012 hahet.
942 1933 986 2010 ln
1013 1929 1140 2013 ceteris
1172 1928 1369 2012 secundum
1396 1929 1452 2006 ius
1478 1951 1562 2031 pro-

398 2051 552 2133 mittitur
580 2066 770 2150 secretum,
801 2055 920 2134 itaut
948 2054 1134 2160 promissio
1162 2052 1273 2132 iudici
1301 2049 1559 2156 praeiudicium

399 2199 470 2257 non
498 2176 616 2280 pariat
643 2178 659 2285 (
687 2179 717 2284 ).

479 2299 619 2385 Vinculi
648 2316 767 2383 autem
794 2303 991 2408 coniugalis
1020 2303 1183 2385 defensor
1202 2304 1560 2410 iuramentumproe-

367 2481 370 2489 ·
398 2423 506 2504 stabit
530 2427 683 2530 fideliter
711 2429 861 2535 officium
888 2456 991 2510 soum
1020 2429 1168 2510 odencdc'
1186 2429 1231 2509 ad
1260 2431 1420 2512 tramites
1448 2433 1562 2514 Bene

400 2549 555 2633 dictinae
584 2554 855 2640 Constitutionis
883 2555 956 2663 (3).

481 2685 543 2762 td.
575 2679 667 2764 Hinc
695 2693 813 2763 autem
850 2695 951 2786 patet
978 2685 1122 2762 testium
1159 2682 1398 2762 iuramentum
1432 2681 1557 2786 (atque

398 2802 493 2892 idem
519 2803 710 2884 dicendum
729 2807 774 2884 de
801 2805 1031 2886 iureiurando
1059 2807 1266 2910 coniugum)
1290 2805 1489 2884 necessario
1507 2803 1561 2884 le-

401 2927 544 3030 gitimae
559 2929 861 3034 praemittendum
876 2957 954 3012 esse
965 2929 1179 3036 depositioni
1195 2929 1392 3010 faciendae.
1416 2933 1564 3012 Constat

399 3077 442 3130 ex
471 3067 625 3158 utroque
653 3057 730 3137 iure
759 3053 833 3162 (l).
865 3061 909 3134 lit
937 3056 1029 3136 ratio
1057 3068 1125 3151 est,
1156 3056 1241 3160 quia
1269 3056 1481 3134 sacramenti
1504 3079 1562 3136 re·

398 3175 528 3279 ligione
556 3177 717 3260 firmatus
745 3180 848 3260 tostis
877 3180 932 3260 rel
961 3182 1089 3260 coniux
1117 3179 1172 3258 vel
1200 3179 1354 3286 quilibet
1376 3192 1562 3263 accusator

398 3303 626 3399 matrimonii,
659 3329 728 3384 nou
758 3306 999 3411 praesumitur
1026 3303 1120 3411 quod
1149 3303 1279 3388 falsum
1306 3305 1469 3390 dicturus
1497 3305 1556 3384 sit.

398 3427 527 3505 Contra
553 3427 617 3531 qui
645 3441 725 3533 post
753 3428 1009 3535 depositionem
1026 3429 1203 3512 duntaxat
1223 3430 1341 3510 iurare
1359 3431 1558 3524 iuberetur,

397 3548 428 3628 si
456 3549 583 3633 lalsum
611 3552 775 3648 dixisset,
807 3553 932 3634 timore
952 3554 1117 3637 inlamiac
1136 3567 1312 3637 metueret
1331 3581 1372 3636 ac
1390 3580 1564 3642 verecun-

398 3671 543 3754 daretur
571 3677 790 3766 contrarlum
827 3705 1008 3777 asserere3
1044 3679 1113 3760 nisi
1150 3693 1270 3760 tamen
1297 3680 1335 3760 in
1362 3681 1559 3768 continenti

398 3799 637 3881 iuramentum
666 3807 920 3914 sequeretur(
949 3805 978 3912 ).

467 4012 501 4086 [ll
520 4017 567 4075 Cir
586 4019 759 4078 Leureuinm
779 4019 800 4075 l.
820 4034 845 4075 c.
864 4024 973 4092 cecat.
994 4021 1057 4078 tto.

468 4104 507 4180 (2)
526 4107 603 4166 Idem
623 4115 732 4181 queml.
753 4112 823 4180 659.Ι

465 4193 501 4265 (3)
522 4195 666 4259 Benedict,
685 4200 860 4267 xltcoost.
881 4198 932 4254 Dec'
949 4199 1138 4266 miseratione
1155 4199 1185 4273 S.
1206 4207 1233 4259 7.

466 4282 502 4354 (4)
522 4287 589 4357 Cap.
616 4287 821 4359 fraternitatis
846 4291 888 4345 tr.
909 4303 970 4360 cap.
992 4290 1026 4346 dc
1044 4290 1161 4348 tactibus
1186 4297 1230 4350 29.
1251 4293 1312 4349 icoc.
1333 4293 1393 4355 tit-r
1414 4293 1433 4350 Ι.
1458 4288 1555 4358 ὑανία·

394 4367 523 4428 iurandi
542 4374 608 4430 cco.
629 4375 687 4430 eod.
709 4375 786 4433 tit.-
799 4379 831 4431 v.
852 4378 973 4440 Leuren.
996 4377 1017 4436 l.
1036 4393 1062 4436 c.
1081 4385 1191 4450 queat.
1212 4385 1274 4445 628.

466 4457 502 4535 (5)
521 4463 644 4524 Leuren.
663 4463 739 4524 teto.
850 4460 854 4470 ’
