3402 5292
645 482 823 542 -3111-

149 591 255 669 monii
285 592 380 670 inter
407 591 529 670 Caium
557 605 593 672 et
623 593 748 672 lulium
778 593 872 672 initi.
905 597 1058 698 Insuper
1086 619 1167 672 cum
1188 597 1225 674 in
1248 609 1331 676 tuto

149 717 303 820 positum
319 717 367 796 sit
383 718 645 796 matrimonium
664 718 868 797 huiusmodi
887 719 968 796 licet
988 734 1120 808 ratum,
1144 721 1329 826 nunquam

149 853 270 918 tamen
290 839 398 919 luisse
419 856 716 933 consummatum,
739 842 853 921 locum
875 837 952 921 es'se
972 844 1226 925 arrimadvertit
1241 871 1330 950 apo-

149 967 294 1044 stolicae
325 965 585 1072 dispensationi
616 981 734 1044 tenore
763 965 938 1044 iustitiae.
965 971 1089 1072 Neque
1109 969 1153 1046 ad
1174 969 1240 1048 hoc
1268 970 1332 1048 de·

148 1115 225 1168 esse
255 1089 342 1169 dicit
371 1091 502 1170 motiva
531 1117 633 1176 vcro,
663 1090 808 1169 lonasto
846 1106 882 1170 et
920 1091 1086 1196 arpentio
1120 1120 1140 1169 a
1177 1095 1332 1172 Canoni-

151 1227 287 1293 starum
316 1215 436 1294 schola
465 1217 661 1318 assignata,
696 1218 749 1295 uti
778 1216 967 1297 ostendere
996 1217 1128 1320 satagit
1152 1217 1227 1324 (Clr
1247 1226 1354 1299 Act..

154 1338 227 1417 ton.
265 1341 477 1443 ree-acc).
1331 1426 1335 1432 .

235 1473 297 1541 tt).
330 1469 456 1568 ltaque
487 1465 647 1543 Vionrins
684 1465 862 1566 generalis
890 1465 1152 1546 ecclesiasticae
1186 1465 1327 1559 Curiae,

153 1600 189 1664 et
218 1589 254 1664 in
283 1587 349 1666 hoc
377 1585 522 1666 [arendo
552 1587 683 1667 iudicio
712 1616 732 1666 a
761 1615 824 1666 suo
845 1589 1020 1694 Episcopo
1044 1613 1212 1694 expresse
1232 1589 1331 1668 dele·

155 1725 273 1812 gatus,
305 1711 350 1788 ad
380 1709 472 1790 lactu
491 1711 585 1816 qued
606 1713 751 1806 attinet,
775 1713 950 1792 revocatis
970 1737 1033 1817 per
1052 1739 1189 1792 summa
1210 1714 1330 1818 capita

94 1819 97 1828 ¹
154 1835 319 1914 omnibus
348 1835 577 1914 iudicialibus
605 1837 715 1930 Actis,
748 1863 840 1942 quae
861 1861 988 1940 magno
1008 1837 1246 1916 continentur
1268 1863 1329 1914 vo-

155 1957 312 2054 lomino;
332 1974 368 2038 et
386 1961 504 2064 quoad
523 1963 578 2040 ius
593 1967 756 2066 quinque
772 1961 840 2040 sibi
857 1962 1087 2066 quaestiones
1103 1959 1148 2038 ab
1164 1965 1329 2038 lotorum

154 2081 351 2159 visceribus
379 2081 607 2188 depromptas
636 2083 844 2186 singillatim
874 2081 1091 2162 evolvendos
1110 2082 1327 2188 suscipiens,

154 2231 285 2311 easque
314 2207 509 2299 resolvens,
542 2199 684 2286 tandem
713 2207 771 2284 dic
801 2215 850 2286 25
891 2207 1062 2285 februarii
1100 2213 1198 2286 1869
1237 2207 1330 2284 laanc

157 2329 377 2408 definitivam
408 2331 558 2435 protulit
585 2332 816 2410 sententiam:

237 2487 254 2526 a<
291 2465 326 2532 1.
359 2454 629 2534 Dissolrcndum
652 2481 729 2534 esse
750 2455 1014 2534 matrimonium
1034 2483 1055 2532 a
1075 2453 1216 2532 domina
1237 2453 1330 2532 Iulia

159 2611 175 2646 a
199 2578 329 2656 initum
357 2605 436 2658 cum
465 2581 607 2659 domino
635 2581 731 2674 Caio,
763 2594 888 2685 utpote
919 2579 1067 2659 nullitor
1091 2593 1326 2673 contractum,

158 2717 305 2805 «prout
333 2704 513 2807 praesenti
543 2703 726 2783 delinitiva
755 2703 931 2781 sententia
962 2703 1203 2782 dissolvimus

238 2857 255 2897 ‹
281 2835 318 2904 ⁹2.
342 2827 657 2904 condemnandum
687 2853 765 2906 esse
794 2853 893 2905 rcum
915 2841 1158 2906 contumacem
1183 2823 1333 2903 iudicia·

158 2981 175 3020 ‹<
198 2949 293 3027 libus
321 2952 511 3055 expensis,
542 2951 693 3055 aliisque
723 2951 863 3028 damnis
892 2975 934 3028 cx
970 2975 1012 3028 eo
1050 2949 1235 3055 praefatae
1268 2946 1334 3025 do-

159 3105 176 3144 1
201 3075 317 3151 minae
346 3073 482 3151 sortitis
511 3099 579 3151 non
609 3075 753 3153 esclusa
784 3073 905 3153 debita
935 3073 1106 3153 advocato
1135 3087 1171 3152 et
1204 3097 1334 3178 procu·
1449 3102 1457 3112 ·

158 3235 175 3275 a
200 3203 307 3280 ratori
324 3203 633 3307 compensatione,
653 3218 759 3308 prout
775 3205 955 3308 praesenti
981 3203 1165 3282 definitiva
1186 3217 1333 3281 soraterr-

160 3358 177 3400 1
202 3327 251 3405 111
271 3325 562 3405 condemnamus.
586 3359 605 3400 s
625 3331 670 3406 Et
686 3331 734 3406 ita
751 3341 820 3406 etc.
836 3327 910 3430 (Clr
926 3335 1004 3406 Act.
1024 3326 1097 3406 loll.
1113 3329 1328 3427 aot-att).

240 3461 301 3530 13.
334 3451 386 3529 lo
416 3451 482 3529 hoc
510 3453 689 3529 sententia
717 3465 841 3529 contra
875 3451 1090 3530 matrimonii
1133 3451 1331 3558 supradicti

158 3575 379 3654 validitatem
409 3576 481 3654 lata
501 3576 625 3653 Fiscus
645 3589 681 3653 et
702 3574 900 3653 validitatis
920 3576 1135 3654 matrimonii
1156 3601 1197 3653 ex
1215 3575 1333 3654 officio

158 3697 335 3792 deleusor,
368 3699 412 3777 ad
442 3725 598 3778 normam
628 3703 690 3778 cit.
723 3705 844 3778 Const.
878 3701 943 3777 Dei
971 3701 1255 3800 miseratione&
1289 3709 1328 3794 8,

157 3824 223 3900 rite
252 3825 447 3928 appellavit
475 3824 570 3904 ads.
595 3825 828 3929 apostolicam
851 3825 975 3903 Sedem
998 3850 1062 3930 pro
1081 3824 1239 3902 eiusdem
1259 3849 1335 3901 ma-

158 3947 313 4025 trimonii
342 3947 543 4043 validitate,
579 3939 726 4053 proptor
755 3949 886 4026 motiva
916 3949 951 4026 in
982 3949 1163 4028 fiscalibus
1190 3949 1333 4028 conclu-

157 4069 318 4148 sionibus
334 4071 371 4148 in
386 4073 529 4177 scriptis
544 4073 729 4177 exposita,
749 4099 786 4150 so
804 4087 923 4150 tarnen
943 4071 1138 4152 subiiciens
1152 4073 1336 4153 definitivo

161 4193 261 4271 Sedis
290 4195 505 4298 apostolicae
535 4195 672 4302 iudicio
698 4197 799 4298 (Act.
832 4195 907 4272 loll.
941 4197 1155 4300 att-245).

240 4325 302 4394 11.
335 4321 433 4406 Quae
461 4341 540 4394 cum
569 4321 618 4396 111
647 4318 734 4412 sint,
766 4343 918 4423 cumque
946 4319 992 4398 ab
1021 4324 1333 4424 1118111111-

162 4441 315 4544 gatiouis
344 4441 489 4521 Consilii
518 4447 586 4520 ΡΡ.
618 4441 881 4521 decernendum
909 4445 1023 4522 sitan
1047 4443 1229 4548 praedicta
1249 4469 1333 4524 seu·
1453 4447 1457 4456 '
