3444 5302
908 534 944 550 ..
966 501 1005 564 22
1029 537 1062 546 ..

405 650 469 731 pro
497 625 637 706 leminis
665 639 701 705 et
729 627 895 706 masculis
927 627 1058 706 aetatis
1085 624 1167 705 inde
1202 625 1352 730 petitur,
1382 623 1478 730 quod
1506 649 1574 732 po-

405 749 519 830 tentia
546 749 739 855 generandi
769 751 875 830 citius
904 752 941 830 in
970 749 1110 832 feminis
1138 775 1245 856 quam
1274 749 1311 829 in
1339 749 1506 829 masculis
1533 761 1574 829 et

405 877 560 982 incipere
588 889 625 956 et
652 873 801 955 deiicere
829 873 933 971 solet,
965 889 1007 954 ut
1035 887 1137 954 notat
1164 873 1336 954 Gonzalez
1364 873 1439 980 (t),
1470 869 1573 951 Reii·

404 995 558 1078 ienstuel
587 998 660 1104 (ἓ),
694 997 1010 1102 Scbmalzgrueber
1037 998 1054 1105 (
1082 999 1112 1100 ).

485 1132 523 1202 3.
554 1128 647 1202 Ante
674 1121 768 1200 banc
805 1135 958 1202 aetatem
992 1121 1103 1202 initae
1135 1119 1283 1226 nuptiae
1317 1120 1439 1200 irritae
1466 1132 1569 1214 sunt,

406 1249 475 1328 nisi
503 1245 646 1327 melitio
673 1245 837 1353 suppleat
854 1257 1021 1326 ceterae.
1044 1245 1185 1325 Scilicet
1199 1245 1350 1350 proximi
1368 1243 1570 1349 pubertati,

406 1371 619 1451 discretione
646 1383 683 1450 et
709 1369 870 1476 potentia
899 1367 1050 1450 coeundi
1071 1367 1261 1472 pellentes,
1283 1365 1400 1446 valide
1420 1379 1456 1446 et
1473 1366 1573 1445 licite

406 1511 479 1578 tam
506 1499 543 1574 in
571 1493 646 1573 iore
673 1507 835 1590 externo,
865 1519 973 1600 quam
1001 1495 1039 1572 in
1066 1492 1141 1572 iore
1164 1494 1401 1573 conscientiae
1427 1505 1571 1573 contra-

405 1623 492 1702 bere
519 1631 671 1726 possunt
698 1621 959 1698 matrimonium
989 1615 1068 1723 (t);
1090 1616 1268 1722 siquidem
1286 1619 1324 1696 in
1348 1617 1574 1696 matrimonio

409 1742 651 1825 contrahendo
683 1745 837 1850 spectari
870 1767 942 1821 non
979 1739 1085 1822 debet
1117 1765 1290 1820 annorum
1322 1755 1476 1847 tompus,
1507 1737 1571 1818 sed

401 1893 447 1950 an
474 1870 730 1950 contrahentes
763 1868 841 1948 eius
873 1867 1100 1948 discretionis
1132 1869 1218 1964 sint,
1249 1881 1291 1946 ut
1323 1891 1361 1946 se
1393 1866 1566 1970 obligare,

405 2015 589 2097 generare,
621 1991 808 2098 concipere
835 1981 973 2096 possint
994 1987 1067 2096 (5).
1090 1994 1206 2080 Quare
1228 2011 1292 2095 per
1311 1987 1491 2067 molitiem
1511 1987 1572 2066 bic

405 2116 557 2221 intelligi
584 2113 691 2196 debet
718 2129 793 2195 tum
822 2128 972 2194 naturae
1005 2116 1104 2217 rigor
1130 2139 1196 2194 seu
1225 2111 1387 2220 potentie
1419 2109 1571 2196 coeundi

407 2255 444 2321 et
460 2239 667 2344 generandi,
686 2251 762 2320 tum
779 2238 887 2320 etiam
900 2235 1106 2345 prudentia,
1125 2251 1166 2318 ut
1180 2238 1218 2316 in
1232 2237 1310 2320 iure
1329 2251 1475 2319 vocatur
1490 2235 1568 2344 (6),

407 2365 500 2446 idest
527 2365 692 2446 discretio
718 2377 756 2444 et
781 2363 952 2444 iudicium
978 2363 1128 2444 rationis
1156 2362 1336 2443 sufficiens
1368 2363 1410 2442 ad
1441 2385 1574 2466 coguo-

407 2487 577 2570 scendum
605 2502 738 2569 statum
766 2488 987 2592 coniugalem
1007 2489 1155 2594 eiusque
1172 2503 1384 2595 perpetuum
1403 2501 1438 2569 et
1457 2487 1573 2567 indis-

408 2612 558 2692 solubile
586 2612 784 2691 vinculum:
815 2636 908 2717 quae
936 2607 1021 2708 duo,
1052 2610 1218 2690 discretio
1245 2635 1371 2718 nempe
1390 2625 1428 2691 et
1446 2623 1570 2718 potee-

407 2735 476 2823 tle,
505 2734 705 2840 copulative
733 2737 966 2840 requiruntur
994 2734 1040 2814 ad
1066 2733 1222 2814 valorem
1248 2734 1463 2814 matrimonii
1487 2746 1571 2812 ante

407 2859 599 2964 legitimam
628 2871 781 2938 aetatem
809 2859 980 2938 contracti
1008 2859 1082 2966 (7).
1105 2859 1251 2939 Talibus
1284 2871 1403 2940 autem
1431 2871 1574 2938 contra·

409 2981 581 3063 bentibus
608 2982 873 3061 matrimonium
900 2981 1075 3062 incumbit
1089 3007 1179 3062 onus
1194 2981 1383 3089 probandi,
1402 3007 1440 3062 so
1460 2977 1571 3060 luisse

407 3123 565 3214 tempore
601 3119 805 3186 contractus
841 3105 912 3185 illis
944 3105 1179 3210 qualitatibus
1215 3106 1415 3213 praeditos,
1446 3115 1572 3211 utpote

408 3255 500 3338 qnae
528 3244 612 3310 ante
637 3229 864 3336 pubertatem
892 3243 1286 3338 nonpraesumuntur3
1313 3229 1402 3308 alias
1429 3228 1572 3308 illorum

408 3354 670 3435 matrimonium
703 3367 757 3433 est
791 3351 1042 3432 declarandum
1074 3354 1212 3434 nullum
1241 3351 1314 3460 (8).
1338 3397 1361 3413 -
1391 3357 1419 3432 Ε
1447 3365 1570 3433 contra

479 3527 514 3599 (1(
533 3527 577 3584 nd
596 3527 645 3584 cit.
665 3539 727 3596 cap.
747 3525 775 3584 3.
795 3525 829 3582 de
846 3525 1135 3600 meselemiae.

479 3611 516 3686 (2)
535 3611 641 3670 Eodem
659 3611 707 3670 tte.
725 3627 756 3669 n.
775 3615 803 3668 s.

479 3699 516 3776 (3(
535 3700 649 3758 nomm.
671 3700 717 3758 et.
736 3715 791 3758 ee.
811 3705 906 3758 eser.
1342 3766 1344 3772 ¹

479 3791 514 3862 (4)
532 3793 574 3848 Ita
593 3803 630 3846 er
642 3789 726 3846 citato
741 3803 803 3860 cap.
818 3789 1023 3850 continebatur
1034 3797 1062 3859 6,
1078 3799 1106 3850 et
1118 3806 1181 3865 cap.
1201 3791 1236 3850 ec
1252 3791 1316 3850 iltis
1334 3797 1359 3860 9,
1383 3791 1431 3849 tit.
1450 3789 1499 3848 eit.
1515 3791 1573 3846 ou.

408 3881 521 3948 docent,
539 3885 572 3936 ut
593 3877 719 3934 Sanchez
738 3877 756 3934 t.
777 3891 799 3934 c.
821 3893 852 3934 e.
871 3884 915 3948 24,
932 3880 1051 3952 Pirbing
1066 3879 1118 3939 lib.
1140 3887 1168 3937 e.
1188 3881 1235 3940 tit.
1250 3886 1278 3939 2.
1292 3881 1326 3938 de
1343 3881 1504 3954 deposce.
1518 3880 1574 3937 im·

405 3968 477 4042 pub.
497 3984 529 4024 e.
548 3971 583 4024 55
602 3965 710 4036 aliique
729 3965 848 4036 passim.

480 4057 514 4128 (5)
533 4054 660 4126 Pirbing.
682 4055 701 4110 l.
722 4068 747 4111 e.

479 4142 520 4217 (6)
537 4146 606 4215 cap.
626 4143 676 4199 tin.
697 4149 764 4200 toea
781 4141 867 4200 cotto
886 4148 929 4212 et,
952 4145 985 4202 rte
1004 4145 1222 4217 desponsatione
1240 4144 1438 4218 impuberum.

477 4231 517 4306 (7)
536 4231 654 4302 Pirbing
675 4229 693 4287 l.
714 4245 738 4288 e.
757 4247 788 4287 e.
807 4235 850 4300 57,
873 4233 922 4290 ubi
942 4233 1008 4290 citat
1030 4233 1104 4291 abb.
1125 4233 1161 4291 ad
1193 4248 1255 4306 cap.
1288 4233 1496 4293 continebatur
1523 4234 1573 4293 eit.

408 4323 456 4380 tte.
475 4337 507 4378 te.
528 4325 555 4377 l.

480 4408 513 4481 (8)
533 4408 707 4465 Leureuius:
728 4411 838 4465 Forum
857 4409 1018 4467 arnamar.
1039 4423 1090 4467 seu
1104 4412 1126 4467 1.
1141 4411 1171 4468 C.
1193 4411 1226 4467 U.
1249 4409 1300 4467 tte.
1322 4413 1347 4465 t.
1370 4411 1417 4468 tit.
1439 4408 1466 4468 t.
1486 4423 1573 4484 quee-

407 4507 444 4556 ει.
466 4501 525 4554 157.
545 4513 577 4554 e.
595 4502 624 4554 2.
