3402 5292
695 425 732 440 -
754 393 811 456 317
834 427 871 440 -

195 531 287 602 non;
309 549 334 565 -
354 504 517 584 absoluto
544 505 599 584 tel
628 505 838 612 respectiva,
868 517 974 610 prout
993 505 1118 584 existit
1136 507 1233 584 inter
1250 509 1367 586 virum

194 643 231 710 et
259 655 381 710 omnes
408 631 593 726 mulieres3
626 632 681 710 vel
718 632 812 710 inter
839 631 955 709 virum
983 642 1018 708 et
1051 631 1209 734 aliquam
1242 633 1365 710 mulie-

194 782 268 836 rem
287 756 578 854 determinatam3
601 771 636 836 et
655 757 706 836 sic
722 756 920 852 ticevcrsn3
938 799 963 816 -
978 755 1184 836 antecedens
1214 757 1268 836 vel
1284 784 1368 836 con-

194 905 353 988 sequens,
389 893 495 985 prout
531 879 796 960 matrimonium
828 879 1008 959 antecedit
1036 881 1092 959 vel
1121 880 1210 960 illud
1239 882 1367 961 subse-

193 1007 336 1110 quitum
358 1049 382 1064 -
402 1003 607 1110 temporalis
637 1005 692 1082 vel
717 1015 908 1110 perpetuo,
937 1018 1045 1110 prout
1063 1005 1168 1109 lapsu
1195 1005 1365 1109 temporis

193 1131 268 1208 sive
297 1144 447 1208 naturae
476 1130 525 1222 si,
556 1129 631 1207 site
659 1141 735 1206 arte
764 1129 839 1208 tolli
876 1142 1009 1234 potest,
1042 1128 1097 1208 vel
1125 1153 1197 1206 non
1228 1141 1361 1232 potest.

194 1253 335 1332 Scilicet
363 1251 567 1357 temporalis
601 1251 781 1330 indicatur
813 1251 1021 1356 impotentia
1057 1252 1133 1346 illa,
1165 1275 1258 1356 quae
1286 1251 1364 1330 sine

193 1390 338 1480 peccato
366 1391 430 1454 aut
458 1375 557 1479 gravi
585 1375 743 1481 periculo
771 1375 826 1453 vel
856 1377 954 1477 grati
983 1373 1112 1454 damno
1136 1375 1293 1478 corporis
1313 1373 1366 1452 ci-

193 1513 248 1580 tra
283 1501 495 1579 miraculum
522 1526 586 1606 per
622 1525 712 1605 opus
747 1500 956 1594 humanum,
992 1524 1055 1578 seu
1089 1525 1153 1604 per
1181 1498 1361 1578 ordinaria

193 1624 289 1703 licita
318 1625 497 1703 naturalia
525 1625 633 1704 etiam
651 1624 853 1729 spiritualia
874 1621 1044 1720 remedia,
1068 1622 1142 1702 tolli
1164 1635 1282 1727 potest
1301 1625 1362 1725 (es

192 1773 271 1852 cap.
302 1747 565 1852 fraternitatis,
594 1747 638 1826 de
665 1746 794 1852 sripid.
818 1759 853 1824 et
871 1745 995 1852 moles.
1018 1761 1054 1826 et
1073 1747 1160 1852 imp.
1182 1746 1360 1851 conandi).

195 1879 371 1976 Perpetuo
399 1898 483 1950 vcro
510 1897 587 1951 esse
616 1872 822 1952 decernitur
850 1871 1058 1976 impotentia
1079 1871 1154 1966 illa,
1174 1897 1268 1976 quae
1287 1871 1362 1950 sive

193 1997 405 2076 naturaliter
434 1996 510 2074 sive
538 2009 630 2088 arte,
662 2021 725 2100 per
754 1995 868 2076 media
890 1997 985 2075 licita
1005 1995 1220 2074 velomnino
1248 2021 1364 2074 remo-

192 2121 266 2200 reri
294 2147 366 2200 non
394 2135 527 2226 potest,
559 2121 615 2198 nel
643 2120 719 2198 tolli
748 2119 891 2225 quidem
920 2133 1055 2224 posset,
1078 2119 1141 2199 sed
1161 2145 1240 2199 com
1261 2121 1361 2224 gravi

192 2243 287 2323 uitae
315 2244 487 2350 periculo,
520 2243 574 2322 vel
603 2242 732 2322 damno
760 2241 888 2322 salutis
906 2243 1115 2348 corporalis,
1138 2243 1193 2321 vel
1213 2269 1277 2348 per
1296 2244 1363 2322 mi·

192 2369 366 2463 raculum,
398 2381 461 2448 aut
490 2368 614 2446 illicita
642 2367 758 2446 media
786 2369 839 2446 uti
867 2393 931 2472 per
954 2368 1126 2468 magicam
1146 2381 1273 2446 artem.
1305 2371 1360 2447 lta

193 2492 426 2571 communiter
456 2495 529 2570 DD.

271 2621 378 2697 Porro
407 2617 437 2695 si
465 2617 616 2696 coeundi
631 2617 840 2723 impotentia
869 2630 1051 2722 spectetur
1071 2618 1182 2698 relate
1202 2617 1246 2697 ad
1275 2643 1362 2697 oau-

192 2765 265 2816 sam
295 2765 338 2817 es
367 2765 438 2845 qua
467 2743 595 2834 oritur,
627 2740 759 2845 duplex
788 2741 895 2820 ctiam
923 2740 1178 2843 distinguitur:
1205 2741 1275 2818 alia
1296 2767 1362 2819 ne

192 2862 339 2950 torulis,
369 2864 438 2942 alia
467 2864 710 2943 occidentalis.
742 2864 948 2952 Naturalis,
976 2891 1069 2970 quae
1097 2866 1360 2946 oritur‘avitio

193 2983 401 3082 intrinseco,
432 3011 497 3064 seu
525 3013 568 3066 ex
597 2987 737 3066 delectu
767 2987 942 3066 staturalis
960 2988 1243 3081 constitutionis,
1266 3014 1364 3068 com·

192 3107 382 3212 plexionis‚
414 3112 700 3215 temperamenti,
730 3135 895 3216 quaeque
925 3109 1072 3215 proinde
1093 3111 1228 3190 homini
1256 3112 1359 3216 quasi

192 3255 321 3311 coaeva
349 3246 386 3311 et
412 3249 566 3314 normata
596 3250 664 3314 est.
697 3239 741 3314 Et
770 3235 857 3314 haec
884 3237 921 3312 in
950 3235 1036 3313 viris
1059 3237 1201 3340 proprie
1229 3236 1363 3315 dicitur

190 3353 393 3458 trepiditas,
422 3357 459 3434 in
488 3357 628 3436 leminis
656 3358 850 3458 arctitudo.
887 3359 1129 3438 Accidentolis
1157 3374 1277 3440 autem
1305 3359 1361 3438 di-

192 3467 285 3558 citur
313 3481 388 3573 illa,
419 3505 512 3586 quae
541 3487 704 3587 provenit
732 3509 752 3560 a
780 3508 887 3561 causa
916 3486 1133 3578 extrinseca,
1160 3507 1273 3588 eaque
1293 3485 1362 3562 du-

191 3605 291 3709 plici,
322 3605 379 3684 vel
407 3606 543 3684 scilicet
571 3633 591 3684 a
619 3610 776 3686 sectione
795 3621 858 3686 aut
876 3607 1095 3687 abscissione
1123 3607 1361 3688 membrorum

192 3729 416 3831 genitalium,
448 3730 504 3808 rel
532 3757 552 3808 a
580 3731 751 3810 maleficio
780 3733 855 3810 sive
883 3729 1072 3826 diabolico,
1093 3734 1167 3812 site
1188 3731 1358 3812 venefico.

275 3859 337 3930 16.
370 3853 508 3942 Quibus
536 3854 741 3957 praemissis
774 3854 862 3932 illud
897 3855 984 3932 iuris
1018 3855 1234 3960 principium
1263 3879 1363 3934 reco-

190 3975 337 4056 lendum
366 3977 424 4056 hio
453 3989 521 4069 est,
553 3977 646 4079 quod
678 3993 858 4082 tamquam
890 3980 1029 4056 axioma
1061 3982 1134 4056 llll.
1167 3979 1363 4058 communi·

81 4142 84 4150 =
191 4114 245 4180 ter
274 4100 403 4180 docent
430 4114 539 4206 atque
555 4114 716 4195 tuentur,
736 4106 879 4206 nempe:
905 4135 922 4176 «
947 4103 1162 4208 lmpotentia
1188 4117 1361 4208 perpetuo

191 4225 236 4306 ad
265 4227 428 4332 copulam
466 4225 582 4304 reddit
611 4226 749 4304 irritum
778 4226 986 4331 subsequens
1026 4227 1305 4306 matrimonium.
1341 4261 1358 4300 »

190 4353 234 4429 Et
262 4363 304 4430 ut
332 4350 463 4430 clarius
491 4350 624 4430 dicam:
658 4352 914 4455 ‹lmpotentia
942 4351 980 4430 in
1009 4353 1084 4431 viro
1113 4351 1269 4432 habendi
1298 4377 1361 4430 ve·
