3446 5298
891 429 1066 492 -eer-

394 551 448 629 vel
475 551 622 630 secundi
651 553 783 654 gradus
810 552 926 632 lineae
954 555 1183 650 collateralis,
1215 559 1245 634 si
1269 555 1560 661 impedimentum

391 673 523 754 nedum
542 701 585 754 ex
605 677 829 754 matrimonio
848 692 1092 756 consummato
1119 704 1199 756 cum
1224 678 1391 758 defuncto
1409 679 1559 782 coniuge

391 799 551 878 Oratoris
571 800 626 878 rel
647 801 833 895 Oratricis,
865 801 928 878 sed
956 801 1062 880 etiam
1083 827 1126 880 er
1146 803 1272 908 copula
1292 803 1559 882 antematrimo-

390 925 475 1004 niali
495 950 560 1004 seu
580 923 769 1003 fornicaria
788 949 868 1004 cnm
898 924 1020 1004 codem
1040 926 1209 1006 deloncto
1229 939 1311 1005 ante
1332 927 1462 1006 initum
1480 953 1558 1005 cum

390 1051 468 1155 ipso
500 1051 762 1128 matrimonium
791 1064 934 1154 patrata
963 1050 1113 1148 oriatur,
1144 1073 1289 1130 necesse
1317 1075 1388 1128 non
1415 1065 1485 1146 est,
1517 1063 1556 1128 nt

390 1173 523 1252 mentio
556 1172 618 1252 fiat
646 1172 850 1252 huiusmodi
887 1173 1031 1253 illicitae
1069 1175 1230 1278 copulae,
1262 1173 1558 1280 quomadmodum

390 1308 489 1401 patet
509 1321 552 1374 ex
572 1321 741 1402 responso
761 1323 791 1376 s.
814 1298 1112 1376 Poenitentiariae
1128 1298 1198 1376 diei
1228 1308 1276 1377 20
1298 1299 1416 1377 martii
1440 1307 1553 1392 tota,

389 1419 564 1526 probante
583 1447 614 1498 s.
637 1447 684 1498 m.
717 1426 823 1524 Greg.
846 1425 925 1500 xvl
955 1421 999 1500 ad
1020 1423 1232 1528 Episcopum
1262 1425 1553 1516 Namurcensem,

390 1543 486 1650 qnod
525 1545 687 1646 generale
716 1570 812 1640 esse,
843 1544 937 1622 idem
974 1545 1133 1624 tribunal
1162 1547 1275 1625 literis
1315 1546 1384 1626 diei
1416 1556 1463 1626 10
1493 1545 1555 1624 de-

390 1669 542 1748 cembris
574 1677 673 1748 1874
703 1667 831 1748 edixit.

469 1797 566 1872 Haec
594 1818 678 1898 prae
707 1791 818 1872 oculis
846 1793 978 1874 habere
1016 1793 1149 1872 debent
1179 1819 1250 1872 non
1277 1795 1380 1874 modo
1421 1795 1482 1898 qni
1511 1794 1556 1872 ad

390 1945 420 1997 s
453 1917 578 1996 Sedem
606 1943 670 2022 pro
698 1917 892 1997 obtinenda
930 1919 1050 2022 aliqua
1083 1918 1333 1996 matrimoniali
1370 1917 1560 2022 dispensa-

388 2043 486 2120 tione
515 2053 717 2138 recurrunt,
749 2041 811 2119 sed
840 2043 947 2122 etiam
975 2042 1038 2146 qni
1057 2066 1101 2119 err
1130 2041 1310 2146 pontificia
1330 2041 1554 2144 delegatione

390 2163 598 2268 dispensare
628 2189 692 2269 per
719 2189 757 2242 se
793 2165 862 2269 ipsi
897 2165 1033 2260 valent,
1065 2178 1106 2243 ut
1143 2163 1390 2258 facultatibus,
1421 2163 1554 2267 quibus

389 2287 538 2391 pollent,
570 2290 653 2384 rito,
684 2302 726 2366 ut
752 2313 817 2392 par
846 2301 913 2381 est,
946 2302 1110 2367 utantur.

469 2415 597 2490 Datum
613 2437 655 2489 er
673 2411 829 2491 Aedibus
844 2417 880 2491 S.
895 2417 932 2490 C.
949 2413 992 2490 de
1012 2416 1117 2518 Prop.
1134 2411 1415 2491 fidediellmaii
1437 2419 1552 2490 1877.

907 2663 1023 2751 Vlll.

667 2869 838 2960 Supremas
861 2869 980 2944 Sacrae
1004 2868 1279 2964 dongrogatiouia

491 2989 672 3066 Instructio
696 2989 955 3084 adprobandum
980 2995 1103 3065 curtum
1127 2992 1265 3066 alienius
1288 2992 1448 3086 coniugis.

467 3153 682 3232 llatrimonii
710 3154 852 3232 vinculo
886 3155 976 3232 duos
1008 3154 1254 3232 tantummodo
1292 3153 1473 3231 «christo
1503 3153 1554 3231 ita

386 3278 550 3370 docente,
582 3279 755 3384 copulari,
786 3294 822 3358 et
841 3279 1008 3383 coniungi
1027 3304 1145 3384 posse,
1163 3279 1337 3357 alterutro
1366 3303 1449 3356 vero
1469 3303 1556 3358 con-

386 3403 468 3504 iuge
497 3403 571 3481 vita
601 3402 736 3498 iuncto,
767 3403 957 3495 secundas,
990 3405 1059 3482 imo
1086 3417 1123 3484 et
1143 3403 1330 3482 ulteriores
1350 3401 1495 3506 nuptias
1509 3401 1554 3478 li-

385 3524 476 3602 oitas
504 3551 596 3619 esse,
621 3523 818 3628 dogmatica
847 3527 1025 3606 Ecclesiae
1045 3527 1241 3605 catholicae
1261 3526 1422 3604 doctrina
1442 3538 1510 3602 est.
1533 3557 1552 3596 ›

464 3653 592 3727 Verum
622 3648 667 3726 ad
695 3649 870 3728 secundas
899 3665 935 3728 et
962 3651 1151 3730 ulteriores
1180 3650 1326 3755 nuptias
1362 3649 1458 3752 quod
1497 3661 1554 3726 at-

385 3773 477 3852 tinet
505 3798 583 3851 enm
613 3771 655 3850 de
688 3798 725 3852 re
754 3786 895 3876 agatur,
927 3797 1018 3878 quae
1047 3773 1322 3852 difficultatibus
1351 3797 1392 3850 ac
1419 3771 1556 3850 {raudi-

385 3897 454 3976 bus
482 3897 578 3975 haud
607 3923 687 3976 raro
716 3912 770 3976 est
798 3898 970 3992 obnoxia,
1003 3897 1085 3975 binc
1123 3910 1247 3976 sancta
1283 3895 1391 3974 Sedes
1430 3896 1554 3974 sedulo

382 4024 524 4099 curavit
540 4021 641 4100 modo
657 4021 981 4100 Constitutionibns
1002 4019 1245 4122 generalibus,
1269 4019 1413 4124 saepius
1433 4032 1554 4098 autem

384 4145 565 4250 responsis
582 4146 618 4222 in
633 4145 777 4224 casibus
805 4144 1083 4250 particularibus
1111 4143 1221 4236 datis,
1255 4157 1295 4222 ut
1316 4143 1464 4222 libertas
1492 4168 1554 4220 no-

385 4296 449 4348 ras
476 4271 621 4375 nuptias
650 4269 798 4348 ineundi
827 4269 876 4347 ita
905 4269 1034 4372 cuique
1053 4268 1151 4346 salva
1180 4281 1290 4362 esset,
1315 4280 1353 4344 ut
1372 4266 1556 4373 praedicta

384 4394 599 4473 matrimonii
627 4393 748 4472 unitas
776 4397 812 4471 in
841 4391 1032 4470 discrimen
1061 4417 1132 4470 non
1161 4389 1419 4469 adduceretur.
