3456 5300
862 435 958 496 -d‘d
981 467 1016 479 -

355 565 481 644 relicta
519 589 649 669 sponsa
678 561 940 640 matrimonium
979 584 1058 636 cum
1087 557 1246 638 eiusdem
1285 581 1403 636 sorore
1441 578 1526 632 con·

358 688 521 783 traxerit,
553 686 599 764 ad
626 685 868 792 Semproniam
897 684 1013 764 redire
1041 697 1174 789 potest,
1205 683 1274 761 imo
1302 681 1410 761 debet
1438 680 1520 787 (t);

358 837 423 891 nec
450 811 523 889 ulta
543 809 679 912 indiget
708 809 988 914 dispensatione,
1012 807 1081 885 nisi
1114 833 1158 886 er
1177 807 1304 912 copula
1324 833 1402 886 cum
1423 830 1526 910 prae·

354 948 501 1039 sumpta
530 934 679 1036 coniuge
708 934 918 1013 affinitatem
947 958 1027 1010 cum
1055 932 1262 1036 Sempronia
1290 930 1522 1010 contraxerit.

440 1066 477 1136 8.
510 1061 606 1136 Haec
634 1057 818 1162 explorata
846 1055 991 1161 quidem
1025 1069 1123 1134 sunt.
1156 1061 1201 1134 ht
1229 1080 1312 1134 vero
1342 1055 1435 1134 inter
1470 1079 1527 1132 re-

356 1185 534 1262 centiores
562 1197 597 1262 et
630 1183 668 1260 in
696 1183 979 1288 praesentiarum
1017 1183 1146 1262 acriter
1173 1182 1412 1287 disceptatum
1453 1195 1521 1274 ost,

360 1332 407 1382 an
435 1331 478 1384 err
506 1305 736 1384 matrimonio
768 1305 883 1392 ciuili,
913 1321 954 1385 ut
982 1306 1070 1385 illud
1108 1299 1305 1411 appellen,
1337 1331 1400 1384 seu
1439 1303 1527 1382 inito

356 1453 478 1507 coram
506 1429 601 1508 civili
642 1430 869 1533 magistratu,
902 1443 1093 1508 enascatur
1122 1429 1286 1534 publicae
1329 1427 1528 1508 honestatis

359 1551 665 1658 impedimentum.
690 1599 713 1612 -
734 1557 777 1632 In
796 1579 868 1657 qua
896 1556 1120 1658 quaestione,
1144 1557 1196 1632 uti
1217 1567 1356 1632 veteres
1372 1551 1525 1654 theologi

360 1691 398 1754 et
425 1677 631 1756 oanonistae
660 1676 696 1754 in
726 1681 841 1756 varias
870 1677 1037 1756 abierunt
1065 1676 1263 1756 sententias
1291 1674 1334 1754 de
1363 1675 1528 1782 publicae

362 1799 561 1880 honestatis
589 1799 841 1905 impedimento
869 1801 1124 1906 disceptantes
1156 1827 1203 1879 an
1231 1800 1327 1880 istud
1365 1799 1530 1878 videlicet

359 1951 404 2004 ex
432 1923 651 2004 clandestino
679 1925 833 2004 oriretur
861 1925 1044 2028 coningio;
1078 1929 1127 2005 ita
1156 1939 1192 2004 et
1221 1925 1451 2018 recentiores
1483 1951 1530 2002 an

361 2075 406 2126 err
435 2047 547 2126 cicili.
580 2050 648 2128 Alii
668 2051 762 2129 enim
791 2076 834 2128 eu
864 2051 920 2128 his
947 2075 1062 2156 nuper
1091 2047 1187 2154 apud
1219 2053 1256 2127 S.
1281 2048 1531 2152 Congregatio·

362 2201 443 2256 nem
472 2174 617 2254 Concilii
637 2174 680 2253 de
701 2175 767 2252 hac
787 2173 1029 2279 disceptantes
1057 2174 1266 2278 quaestione
1286 2172 1527 2268 affirmabant,

364 2300 426 2378 alii
445 2299 639 2404 negabant,
671 2299 732 2378 alii
753 2325 836 2378 vero
865 2297 1135 2401 distinguebant
1155 2297 1313 2404 quidem,
1345 2313 1381 2378 ct
1411 2312 1529 2378 tamen

364 2449 428 2528 pro
448 2424 613 2528 negativa
651 2424 866 2528 apostolicae
896 2421 996 2502 Sedis
1024 2423 1262 2503 declaratione
1283 2423 1531 2525 suffragaban-

366 2563 438 2627 tur.
470 2551 515 2626 Et
534 2546 725 2626 ridebatur
745 2546 840 2650 quod
860 2573 932 2624 non
950 2571 1022 2625 una
1043 2546 1237 2652 eademque
1258 2560 1353 2626 esset
1372 2546 1531 2650 ipsarum

361 2695 546 2748 sacrarum
574 2668 681 2748 Urbis
709 2671 1029 2772 congregationum
1056 2669 1190 2776 opinio
1519 2749 1522 2756 ,

446 2804 484 2872 9.
517 2799 572 2871 En
609 2794 731 2898 itaque
759 2795 936 2899 potiorum
974 2820 1111 2873 summa
1140 2798 1331 2892 rationum,
1376 2796 1533 2902 quasin

363 2917 520 2996 medium
561 2917 792 3023 proferebant
830 2921 970 3026 patroni
1002 2919 1136 3024 primae
1179 2921 1394 3016 sententiae,
1439 2946 1531 3025 quae

365 3045 533 3139 affirmat,
556 3045 675 3123 enasci
704 3069 748 3122 ex
767 3045 991 3124 matrimonio
1021 3043 1122 3124 civiti
1148 3044 1313 3151 publicae
1333 3045 1533 3126 honestatis

364 3165 673 3270 impedimentum.

449 3291 671 3370 Communior
690 3303 850 3370 veterum
871 3295 1060 3369 Doctorum
1079 3292 1257 3370 sententia
1277 3303 1345 3385 est,
1373 3315 1416 3368 er
1435 3289 1535 3368 clon-

364 3412 504 3492 destt'no
532 3414 696 3518 coniugio
716 3413 1006 3518 impedimentum
1034 3413 1198 3518 publicae
1220 3413 1418 3492 honestatis
1448 3438 1535 3492 ena-

366 3539 435 3632 sci,
467 3550 508 3626 ut
536 3563 649 3643 nuper
693 3537 860 3617 vidimus.
904 3543 1004 3617 Hanc
1048 3551 1166 3617 autem
1199 3538 1416 3618 senteutiam
1457 3551 1532 3616 tum

367 3665 594 3760 extrinsecis,
636 3677 710 3743 tum
745 3665 949 3745 intrinsecis
981 3665 1199 3768 argumentis
1237 3663 1354 3744 fulciri
1387 3677 1536 3744 conten-

365 3785 514 3867 debant.
538 3833 561 3847 ·
581 3793 682 3866 Hanc
711 3788 860 3868 eandem
875 3789 1090 3868 sententiam
1100 3788 1299 3869 confirmari
1317 3787 1372 3866 vel
1392 3788 1531 3894 abipsa

367 3937 459 4017 pene
478 3913 688 4017 quotidiana
716 3913 818 4019 praxi
838 3939 959 3992 sacrae
978 3913 1292 4008 Paenitentiariae‚
1320 3939 1412 4017 quae
1434 3913 1536 3992 inva-

367 4033 441 4112 lida
460 4035 682 4114 clandestina
701 4036 924 4116 matrimonia
944 4061 1074 4116 sonore
1100 4037 1190 4115 solet
1210 4037 1248 4114 in
1277 4037 1419 4117 radice:
1443 4063 1534 4144 quae

367 4158 524 4254 sanatio,
557 4159 705 4239 docente
733 4159 925 4240 Benedicta
958 4161 1052 4256 XIV,
1082 4159 1199 4240 locum
1238 4161 1371 4241 habere
1413 4175 1532 4268 potest

370 4283 557 4386 cquando
594 4284 858 4364 matrimonium
886 4285 995 4364 tuerit
1022 4284 1064 4364 de
1098 4286 1195 4390 seete
1222 4299 1459 4382 contractum,
1500 4299 1537 4365 et

444 4445 476 4518 [lt
496 4447 549 4504 cu.
570 4461 631 4520 cap.
653 4461 686 4503 ec
705 4447 899 4524 sponsalibus,
920 4445 954 4505 de
971 4445 1100 4519 sponsal.
1122 4445 1150 4502 in
1170 4447 1197 4502 c.
