3406 5302
632 577 669 593 -
689 547 750 610 259
771 579 808 592 -

143 693 161 736 ‹
183 663 322 742 nullum
350 688 428 742 esse
456 667 597 746 censuit
624 666 888 746 matrimonium
907 665 1026 743 viriet
1044 663 1220 758 mulieris,
1241 665 1305 768 qni

142 813 204 866 «e
233 787 309 866 loco
336 789 503 893 propriae
535 789 768 870 habitationis
801 791 932 896 absque
962 788 1084 868 nnirno
1116 787 1219 866 illone
1251 813 1309 868 re·

141 909 370 1016 <linquendi
398 911 636 1008 discedentes,
667 925 704 992 et
731 913 776 992 ad
805 913 921 992 locum
949 912 1098 992 alterius
1117 911 1307 1017 parochiae

145 1067 165 1108 a
187 1034 259 1113 solo
286 1035 408 1114 onirno
434 1035 515 1116 illic
542 1039 813 1116 matrimonium
842 1037 1056 1124 celebrandi,
1090 1063 1162 1116 non
1189 1051 1308 1116 autem

145 1189 166 1234 ¹a
189 1159 404 1238 domicilium
435 1161 683 1256 contrahendi,
727 1187 766 1240 se
807 1161 1077 1257 transieramus,
1115 1160 1164 1239 ibi
1192 1185 1309 1240 coram

149 1314 167 1359 ‹
189 1284 346 1390 parocho
373 1283 469 1364 illius
489 1285 555 1364 loci
573 1285 835 1365 matrimonium
854 1289 949 1365 inter
963 1311 1001 1365 se
1016 1297 1270 1364 contraxerunt
1289 1315 1307 1361 s

147 1409 261 1525 (apud
290 1407 423 1488 Bened.
455 1413 534 1488 lllV
564 1417 653 1488 lnst.
687 1420 751 1490 33.
784 1435 821 1489 n.
854 1410 909 1514 8).

228 1543 279 1612 3⁰.
310 1537 440 1612 Eorum
468 1549 636 1615 neutrum
672 1549 817 1615 nactum
848 1535 959 1615 luisse
996 1536 1172 1642 duplicem
1206 1560 1311 1643 paro-

148 1656 264 1736 chiam
291 1681 335 1735 ex
364 1655 497 1762 duplici
535 1657 724 1753 domicilio,
764 1684 835 1738 uno
864 1659 1093 1755 incivitate,
1135 1659 1246 1740 altero
1274 1659 1311 1738 in

151 1780 318 1886 parocbia
352 1807 383 1860 s,
420 1783 613 1860 Francisci.
649 1783 702 1862 bd
735 1783 802 1861 boc
839 1782 934 1861 enim
971 1783 1155 1864 debuisset
1186 1783 1312 1862 saltem

149 1905 321 1984 alteruter
349 1905 385 1982 in
414 1919 567 2011 utraque
603 1907 773 2012 parocbia
801 1906 933 1986 morali
960 1907 1117 2013 quedem
1152 1907 1313 2013 aequali-

150 2041 224 2108 tote
251 2029 415 2110 habitare
443 2032 498 2134 (n.
531 2031 613 2134 28).

232 2163 282 2232 4⁰.
315 2158 387 2233 Nec
413 2153 775 2259 quasi-domicilium,
807 2179 867 2234 cos
886 2159 923 2234 in
942 2156 1110 2261 parocbia
1129 2181 1161 2234 s.
1179 2157 1314 2235 Nicolai

155 2303 311 2382 unquam
339 2277 586 2382 acquisivisse.
618 2277 671 2356 ld
691 2279 757 2357 boc
776 2280 870 2357 onim
890 2277 1153 2383 requirebatur,
1176 2291 1217 2356 nt
1231 2292 1315 2357 ante

155 2401 417 2480 matrimonium
445 2400 608 2480 atriorum
636 2401 811 2481 baberent
839 2401 970 2480 ibidem
999 2402 1054 2480 vel
1065 2427 1132 2508 per
1145 2403 1316 2482 maiorem

155 2525 242 2604 anni
265 2538 407 2631 portent
435 2525 492 2604 vel
519 2526 645 2605 saltem
669 2552 735 2632 per
762 2525 900 2633 eliquat
931 2551 1062 2606 menses
1100 2526 1317 2606 consistendi

156 2649 236 2754 (nn.
269 2649 430 2754 ets-29).
464 2653 586 2756 Neque
615 2677 706 2729 anns
726 2653 853 2730 mensis
874 2652 990 2757 (num.
1014 2651 1096 2757 28),
1128 2655 1233 2730 immo
1250 2676 1318 2731 nec

156 2772 276 2852 decem
296 2773 380 2852 anni
399 2773 528 2879 absque
546 2775 666 2854 aniano
685 2775 902 2854 consistendi
921 2775 1105 2854 sufficiunt
1123 2774 1168 2853 ad
1187 2775 1317 2880 quasi-

156 2895 369 2976 domicilinm
397 2897 452 3004 (n.
486 2903 567 3002 29).
617 2903 724 2978 Porro
751 2899 788 2977 in
817 2899 1004 2995 themate,
1036 2899 1110 2977 siva
1152 2898 1207 2976 vir
1243 2898 1318 2976 sive

156 3022 282 3102 mulier
310 3023 347 3100 in
375 3020 504 3126 oppido
532 3047 563 3100 s.
595 3021 783 3100 Francisci·
802 3021 946 3126 quidem
974 3033 1183 3100 manserunt
1197 3021 1253 3100 vel
1272 3019 1317 3097 ad

158 3169 330 3240 mensem3
362 3157 401 3224 at
427 3143 558 3223 nedum
587 3143 722 3249 absque
751 3146 869 3222 animo
896 3143 1128 3250 permanendi
1151 3167 1215 3249 per
1242 3143 1320 3221 lon-

159 3273 236 3372 gius
265 3283 418 3373 sompno,
450 3267 513 3346 sod
542 3268 646 3346 immo
667 3267 854 3346 dumtaxat
881 3267 937 3346 vel
965 3279 1006 3345 nt
1033 3266 1238 3346 brevialter
1266 3265 1321 3343 al-

159 3407 270 3474 teram
298 3392 483 3486 inviseret,
515 3391 570 3470 vel
607 3391 762 3470 uorandi
789 3417 910 3469 causa.
942 3393 1050 3496 Atqui
1087 3413 1151 3495 per
1189 3413 1321 3466 moram

157 3515 353 3620 quamlibet
379 3514 453 3594 solo
481 3513 629 3593 rurandi
657 3515 774 3592 animo
801 3514 940 3592 nullum
971 3509 1320 3618 quasi-domicilium

160 3639 296 3745 acquiri
323 3652 360 3718 et
387 3651 647 3743 consequenter
665 3637 859 3743 parochum
879 3635 1032 3714 ruralem
1052 3659 1124 3712 non
1143 3658 1220 3712 esse
1236 3657 1324 3738 pro·

157 3763 296 3867 prium,
325 3760 460 3841 iamdiu
486 3765 534 3840 H.
566 3765 603 3840 S.
635 3765 672 3839 C.
705 3759 985 3840 luculentissime
1005 3757 1246 3838 declaraverat
1266 3757 1322 3834 die

165 3897 182 3966 l
213 3887 363 3968 decemb.
398 3894 498 3967 toto
522 3887 620 3966 bisce
653 3885 790 3965 verbis:
825 3917 843 3959 ‹
876 3890 981 3963 Sacra
1010 3898 1080 3963 cte.
1104 3880 1325 3960 inhaerendo

163 4041 181 4084 a
205 4011 507 4090 declarationibus
535 4010 624 4088 alias
653 4009 769 4103 lactis,
802 4007 1003 4112 respondit:
1039 4005 1237 4084 Parachum
1264 4029 1323 4081 ru·

165 4137 315 4218 ‹ralem
343 4161 416 4214 non
443 4159 519 4215 esse
544 4133 734 4240 proprium
762 4144 796 4212 et
815 4157 938 4211 aarum
953 4129 1163 4237 parandum,
1185 4126 1327 4235 qnando

166 4299 183 4334 a
206 4287 268 4342 rus
296 4261 373 4340 itur
400 4285 509 4338 consa
528 4257 773 4344 recreationis,
793 4258 848 4335 vel
865 4281 929 4362 pro
948 4253 1139 4334 rusticanis
1157 4251 1324 4356 negotiis;

165 4385 361 4488 «ideoque
389 4383 652 4462 matrimonium
680 4380 798 4460 aalide
813 4405 932 4458 corani
947 4375 1149 4458 huiusmodi
1172 4374 1329 4484 pareclo

166 4542 184 4586 ‹
206 4509 379 4594 celebrari
406 4533 477 4587 non
500 4533 614 4614 posse.
646 4506 813 4586 Partibus
834 4519 953 4586 tamen
967 4505 1098 4586 dentur
1118 4501 1330 4584 declaratio-
