3402 5292
658 415 691 424 —
715 381 774 442 att
796 413 832 426 -—

162 517 196 584 et
224 504 389 584 absoluta
419 503 529 584 luisse
558 503 726 584 videntur
759 504 804 582 ad
837 529 995 582 normam
1023 503 1085 582 cit.
1118 507 1240 582 Const.
1272 500 1339 580 Dei

161 627 386 707 miseratione
413 643 450 709 ot
477 629 761 735 sapientissimae
790 629 1038 707 instructionis
1057 627 1129 706 diei
1154 635 1202 706 Ἡ
1224 651 1340 728 augu-

163 755 206 834 sti
240 763 338 836 tuto
363 781 394 833 s.
411 755 519 833 buius
530 755 833 857 congregationis,
856 753 1079 833 adamussim
1106 765 1249 830 servata
1269 749 1341 829 lor·
1420 769 1427 776 ·
1456 751 1462 773 ⁴

163 904 217 957 ma
232 893 269 958 et
284 881 384 984 praxi
401 877 594 984 (1).ldque
611 877 742 958 nedum
756 879 876 984 quoad
901 880 1100 957 communia
1112 877 1240 958 ceteris
1254 901 1341 954 cau·
1439 909 1443 919 ·

161 1005 223 1097 sis,
237 1003 299 1084 sed
320 1004 428 1082 etiarn
446 1003 564 1109 quoad
587 1030 629 1082 ea
651 1029 744 1108 quae
767 1003 973 1108 specialiter
991 1003 1029 1081 in
1048 1001 1340 1082 huiusmodima-
1400 1013 1415 1056 a

163 1127 425 1208 trimonialibus
449 1129 505 1208 vel
525 1129 748 1233 praescripta
768 1142 855 1228 sunt
875 1127 931 1206 vel
951 1129 1212 1222 commendata,
1236 1153 1340 1232 prae·-

161 1251 283 1330 sertim
294 1252 413 1357 quoad
424 1253 669 1332 solemnitates
683 1278 777 1358 quae
792 1251 836 1330 ad
853 1252 975 1332 iudicii
988 1251 1206 1330 validitatem
1218 1251 1339 1356 requi-

162 1389 305 1454 runtur.
339 1376 410 1468 Sic,
434 1389 475 1455 ut
494 1375 685 1482 praecipua
705 1376 919 1471 delibemus,
947 1375 1039 1454 nihil
1063 1372 1338 1453 desiderandum

162 1501 303 1580 videtur
322 1504 415 1580 circa
444 1501 760 1593 constitutionem,
795 1503 1058 1596 iuramentum,
1091 1499 1337 1579 adsistentium

160 1623 357 1704 dalensoris
375 1627 589 1704 matrimonii
613 1625 649 1704 iu
663 1625 830 1730 quolibet
847 1638 930 1703 actu
947 1623 1106 1702 iudiciali
1122 1637 1158 1702 et
1176 1623 1339 1700 examine

162 1751 305 1828 testium
322 1754 401 1852 (cit.
420 1755 535 1828 Const.
559 1755 598 1852 ἓ.
619 1752 674 1851 6).
694 1751 825 1830 Itidem
841 1751 911 1830 rite
927 1750 1128 1828 examinata
1145 1747 1213 1828 luit
1232 1774 1335 1844 uxor,

161 1872 273 1951 altero
301 1873 451 1977 coniuge
480 1874 517 1952 in
544 1875 718 1980 pertinaci
748 1875 975 1954 contumacia
995 1888 1177 1968 manente,
1206 1874 1338 1979 aliique

163 2007 273 2074 testes
292 2009 367 2074 turn
387 2025 407 2074 a
425 2011 543 2102 parte,
568 2012 645 2077 tum
662 2025 681 2075 a
699 1998 810 2078 fiscali
838 2013 1040 2104 promotore
1064 2013 1099 2078 et
1124 1997 1338 2077 matrimonii

163 2116 347 2197 delensore
377 2119 538 2218 inducti3
570 2121 740 2200 iudicium
768 2123 942 2227 septimae
972 2147 1101 2200 manus
1120 2123 1339 2226 exquisitum

162 2243 255 2320 circa
284 2245 513 2323 veracitatem
542 2245 680 2324 iuratae
700 2245 941 2352 depositionis
959 2246 1138 2325 iudicialis
1153 2273 1173 2323 a
1188 2248 1338 2351 coniuge
1434 2291 1441 2301 ·

163 2365 377 2446 reclamante
405 2367 587 2472 prolatae;
620 2370 793 2474 inspectio
812 2372 970 2474 corporis
997 2370 1157 2448 mulieris
1175 2370 1338 2448 adhibita

163 2489 208 2567 ad
228 2489 386 2568 eiusdem
407 2492 647 2595 virginitatem
662 2491 934 2598 explorandam,
955 2493 1063 2599 idque
1084 2493 1155 2572 illis
1174 2493 1339 2574 omnibus

161 2613 328 2708 cautelis,
344 2615 669 2710 observationibus,
692 2615 992 2696 instructionibus
1007 2631 1044 2695 et
1064 2616 1220 2710 iudiciis,
1243 2618 1341 2696 iura·

163 2752 281 2817 mento
297 2739 459 2834 firmatis,
477 2740 687 2845 peritorum,
704 2767 795 2846 quos
811 2740 990 2846 probitas,
1003 2741 1152 2820 scientia
1168 2755 1204 2820 et
1219 2741 1340 2846 praxis

163 2867 314 2940 manime
343 2863 654 2943 commendabant.

242 2995 280 3065 9.
301 2989 378 3094 llis
406 2989 571 3066 omnibus
599 2987 829 3066 iudicialibus
857 2987 947 3066 actis
976 2988 1043 3066 rite
1073 2988 1276 3082 absolutis,
1319 3015 1339 3066 a

163 3111 302 3190 l'icario
330 3113 485 3214 generali
515 3112 716 3214 iniungitur
755 3124 833 3189 tum
862 3111 955 3188 Fisci
984 3125 1135 3216 patrono
1160 3124 1196 3188 et
1215 3109 1345 3188 validi-

164 3235 250 3312 tatis
279 3235 494 3313 matrimonii
523 3233 715 3328 deleusori,
749 3247 824 3314 tum
852 3233 1024 3312 advocato
1053 3234 1180 3328 Iuliae,
1213 3247 1254 3312 ut
1278 3233 1342 3312 dc-

162 3355 350 3436 ductioues
377 3358 415 3436 in
443 3383 550 3436 causa
579 3357 865 3436 conclusionales
894 3364 1107 3461 penesdcta
1125 3357 1338 3448 exhibeant,

161 3495 199 3560 et
227 3507 311 3560 reus
338 3497 530 3561 contumax
557 3483 665 3562 etiam
684 3471 747 3588 pe'r
767 3482 925 3561 edictum
944 3483 1164 3587 requiratur.
1188 3480 1251 3558 Cui
1277 3478 1340 3557 de-

161 3619 260 3683 creto
289 3607 387 3684 nulla
416 3605 603 3686 interiecta
633 3631 744 3698 mora,
777 3604 834 3684 die
864 3631 990 3710 nempe
1028 3619 1166 3684 statuta
1199 3613 1249 3683 25
1289 3602 1341 3682 le-

161 3727 298 3807 bruarii
330 3739 446 3822 1869,
478 3729 651 3810 obediunt
672 3741 806 3834 partes,
832 3755 923 3834 quas
946 3732 1039 3808 inter
1059 3730 1103 3808 lis
1124 3728 1240 3808 luerat
1255 3753 1342 3807 con·

163 3865 309 3948 testata,
328 3881 369 3932 ea
385 3869 505 3935 tamen
525 3855 703 3934 contraria
722 3852 859 3932 ratione
875 3881 946 3959 qua
961 3854 1144 3959 quaelibet
1158 3853 1204 3932 ab
1224 3853 1341 3932 officio

163 3993 331 4083 suscepto
359 3977 556 4057 serebatur.

248 4109 310 4180 10.
328 4105 456 4205 ltaque
471 4101 516 4180 ad
532 4125 690 4178 normam
706 4101 768 4180 cit,
782 4099 1034 4178 benedictinae
1045 4099 1335 4193 Constitutionis,

239 4297 272 4368 (l)
292 4295 340 4354 Clr
361 4295 390 4352 in
411 4301 436 4352 i*
451 4299 516 4352 etz·
535 4291 699 4365 Appendice
720 4287 931 4347 benedictinam
950 4295 1045 4350 const.
1067 4297 1140 4351 ets.
1163 4297 1192 4351 C.
1218 4289 1339 4350 concilii

166 4387 399 4444 instructionem.
1377 4387 1385 4404 ·
