3402 5292
671 473 844 540 -3ot-

624 655 888 734 CONCLUSIO.

256 861 321 930 27.
353 856 428 930 Iam
457 875 540 928 vero
568 875 646 928 eum
675 873 718 927 ex
746 873 818 926 una
846 860 947 952 parte
967 849 1018 926 sio
1045 846 1175 926 initum
1204 871 1345 924 nonnu-

177 976 276 1056 bium
307 1003 489 1081 nunquam
519 974 626 1054 luerit
653 987 949 1067 eonsummatum,
976 997 1093 1077 nequo
1113 969 1211 1049 alind
1230 969 1345 1075 quod-

177 1102 273 1208 piam
301 1101 468 1178 damnum
508 1098 746 1204 reparandum
783 1099 847 1192 sit;
879 1111 915 1176 et
942 1123 985 1174 es
1014 1095 1127 1174 altera
1161 1093 1278 1172 obstet
1307 1095 1344 1170 in

179 1225 360 1330 praesenti
389 1223 444 1302 rel
475 1224 661 1326 utriusque
682 1220 940 1311 contrahentis,
963 1219 1017 1298 vel
1037 1218 1164 1296 saltem
1185 1216 1343 1294 mulieris

180 1349 372 1454 explicitus
391 1347 575 1426 dissensus
590 1343 635 1423 ad
655 1345 882 1450 apostolieum
897 1343 1201 1448 dispensationem
1219 1353 1349 1446 peten·'
1460 1444 1463 1450 Ι

179 1470 274 1564 dam,
306 1471 356 1549 ita
377 1483 416 1548 ut
445 1471 605 1574 ineptum
621 1467 806 1572 multipliei
821 1492 864 1545 en
880 1465 1107 1572 eapite-leret
1127 1469 1163 1544 in
1186 1465 1343 1545 themate

180 1593 224 1671 de
252 1593 520 1698 dispensatione
549 1595 585 1670 in
601 1591 719 1670 radice
739 1591 793 1669 rel
814 1591 1025 1669 mentionem
1046 1588 1177 1680 lasere,
1196 1589 1279 1667 bino
1306 1587 1347 1666 fit

182 1715 281 1796 loeus
292 1717 448 1796 libertati
465 1716 669 1818 coniugum,
688 1715 740 1793 uti
759 1713 825 1793 lert
840 1713 960 1819 praxis
974 1714 1158 1792 notissima
1173 1717 1220 1791 H.
1235 1717 1271 1790 S.
1285 1715 1347 1807 0..

180 1840 243 1945 qui
273 1839 414 1942 cognita
443 1837 610 1918 connubii
650 1838 888 1933 invaliditate,
924 1838 1125 1917 libertatem
1155 1837 1345 1939 ooniugum

180 1963 399 2068 proclamare
428 1963 465 2041 in
493 1987 588 2040 more
617 1961 757 2040 babuit.
791 1963 860 2055 Sin,
891 1975 934 2040 ut
962 1961 1147 2040 innumera
1168 1960 1274 2038 missa
1295 1959 1348 2036 la-

185 2089 273 2166 oiam
302 2087 479 2192 exempla,
510 2089 548 2166 in
575 2111 682 2164 eausa
712 2086 796 2164 buio
822 2084 1014 2180 simillima,
1038 2087 1095 2165 oui
1125 2087 1255 2165 titulus
1290 2091 1351 2162 Va-

186 2209 321 2288 ruluuo
348 2210 588 2297 matrimonii,
617 2213 663 2287 H.
687 2214 723 2286 S.
751 2213 794 2286 Ο.
825 2209 882 2287 die
913 2219 976 2288 13.
1007 2210 1151 2312 augusti
1183 2217 1284 2288 totu
1305 2205 1349 2286 ad

182 2333 331 2414 dubium
361 2365 380 2408 ‹
403 2341 456 2412 ln
485 2347 622 2412 oonstet
641 2331 685 2410 de
706 2332 868 2411 nullitate
889 2331 1104 2412 matrimonii
1120 2336 1156 2410 in
1185 2357 1271 2410 easu
1291 2363 1350 2404 ›-

183 2457 385 2562 respondjt:
417 2458 656 2561 Affirmotioe,
685 2455 774 2560 quin
802 2455 910 2534 ullam
939 2455 1098 2534 libertati
1137 2453 1349 2534 contraben-

185 2578 274 2656 tium
303 2580 416 2680 legem
445 2581 629 2659 indiceret.

266 2711 330 2782 28.
362 2709 488 2808 ltaque
517 2704 625 2782 etad
659 2703 752 2782 idem
788 2702 959 2800 dubium.
983 2703 1038 2782 vel
1072 2701 1120 2780 ad
1158 2702 1225 2780 boe
1252 2700 1349 2780 eliud

184 2823 278 2930 quod
309 2827 553 2928 inpraesenti
582 2852 689 2906 eausa
717 2827 835 2906 lorsan
864 2827 1011 2931 proponi
1033 2839 1166 2931 posset,
1192 2825 1346 2904 soilioet:

254 2947 257 2954 ’
296 2958 392 3026 «tn
420 2951 598 3028 sententia
635 2951 759 3028 Curiae
788 2949 999 3056 episcopalis
1036 2950 1082 3028 sit
1111 2948 1353 3028 confirmanda

132 3048 141 3072 ⁴
186 3072 242 3152 rel
272 3071 484 3150 inlirrnanda
513 3073 550 3150 in
578 3098 704 3151 oasu»

293 3196 517 3302 Responderi
544 3223 648 3302 posse
677 3197 836 3277 videtur:

298 3322 487 3400 «Praevia
525 3335 682 3400 aetorum
715 3323 914 3418 sanatione,
949 3334 1128 3428 quatenus
1166 3348 1255 3428 opus
1288 3322 1351 3418 sit,

191 3447 406 3526 sententiam
434 3470 512 3524 esse
540 3447 874 3524 confirmandam.»

296 3573 393 3647 Haeo
421 3582 541 3646 tamen
569 3568 701 3663 omnia,
723 3595 765 3647 ea
784 3596 853 3674 qua
883 3595 947 3674 par
966 3583 1043 3648 erat
1057 3570 1272 3662 reverentia,
1295 3595 1354 3646 sa-

190 3693 412 3797 pientissimo
450 3697 521 3770 Ett.
555 3695 621 3770 PP.
654 3696 690 3770 S.
722 3697 760 3770 C.
792 3693 922 3772 iudioio
954 3719 1195 3772 ascensurae
1227 3693 1354 3771 libenti

187 3815 306 3894 animo
334 3815 484 3895 subieci.

305 3992 503 4084 Responsum
524 3993 558 4066 Β.
585 3991 618 4064 0.
646 3991 777 4066 douoilti
798 3991 839 4066 ad
860 3991 1060 4084 propositum
1083 3993 1234 4067 dubium.

266 4169 453 4274 Proposito
482 4169 614 4248 dubio:
648 4177 743 4248 <ln
771 4169 948 4247 sententia
977 4173 1101 4248 Curiae
1130 4173 1175 4248 N'.
1197 4172 1244 4248 sit
1272 4195 1357 4250 eou-
1500 4246 1504 4254 .

191 4292 365 4372 firmanda
395 4295 450 4373 vel
480 4293 691 4372 inlirmanda
719 4295 756 4371 in
785 4320 927 4374 oasu.»

270 4422 306 4496 S.
338 4423 376 4496 C.
417 4417 474 4496 die
504 4427 547 4496 31
580 4415 733 4495 ianuarii
764 4424 863 4494 rsit
894 4417 1103 4522 respondit:
1139 4415 1359 4496 Sententiam

197 4542 326 4622 Curiae
353 4541 560 4649 episcopalis
589 4567 658 4620 esse
685 4539 979 4646 confirmandum.
