3456 5300
688 571 724 587 ..
746 540 783 602 67
806 574 842 586 ..

185 661 478 742 madvertendum
519 679 587 758 est,
621 668 884 745 matrimonium
925 663 1042 757 civile,
1088 676 1263 768 quantum
1306 659 1350 737 ad

182 786 447 884 christifideles,
483 791 543 894 qui
573 789 692 892 legum
731 790 935 868 necessitati
964 811 1088 894 parere
1108 800 1285 890 coguntur
1306 809 1350 862 ne

183 937 304 990 eorum
332 939 471 992 sacrum
500 939 540 992 ac
571 940 692 992 verum
730 914 847 1018 iugale
876 910 1000 991 loedus
1028 909 1193 988 civilibus
1230 921 1350 986 careat

182 1035 367 1116 effectibus
396 1039 531 1142 ingenti
561 1037 713 1116 lamiliae
743 1063 784 1117 ac
811 1038 983 1118 bonorum
1012 1034 1175 1115 lortunae
1204 1033 1347 1126 damno,

184 1163 322 1242 licitum
350 1166 494 1244 omnino
521 1192 613 1245 esse.
646 1171 793 1245 Constat
820 1191 863 1245 ex
892 1164 1131 1244 declaratione
1160 1165 1196 1241 S.
1221 1165 1259 1240 C.
1291 1187 1353 1240 su-

185 1315 327 1392 premae
356 1303 392 1368 et
420 1291 633 1370 universalis
667 1289 910 1394 inquisitionis
938 1288 1012 1396 (1),
1043 1311 1150 1392 quam
1193 1283 1354 1364 declara-

188 1412 319 1489 tionem
339 1413 535 1514 ingeminat
554 1427 590 1491 et
609 1412 794 1491 conlirmat
822 1410 1038 1492 Benedictus
1055 1412 1135 1488 xlv
1157 1406 1229 1512 (ἓ).
1254 1405 1352 1484 ldem

106 1617 110 1628 ,
185 1533 307 1614 docuit
343 1537 428 1614 Pius
456 1540 503 1614 vl
533 1537 607 1640 (3).
649 1539 755 1614 Sacra
784 1550 902 1615 autem
932 1518 1210 1615 Paenitentiaria
1252 1535 1352 1611 iussu

185 1661 237 1736 Pii
266 1663 330 1754 lll,
361 1661 478 1765 posita
506 1661 594 1764 legis
624 1661 852 1757 necessitate,
884 1660 1079 1740 declaravit
1116 1669 1353 1765 opportunam

184 1799 220 1864 et
247 1785 435 1892 expediens
476 1811 554 1866 esse
583 1789 702 1882 inire,¹
732 1802 875 1892 praeter
908 1812 1030 1866 verum
1072 1787 1349 1880 matrimonium,

184 1913 293 1990 etiam
322 1912 425 1990 civile
445 1913 519 2018 (l).
551 1917 594 1992 ln
613 1911 778 2018 pluribus
806 1913 915 1992 etiam
933 1909 1212 2018 provincialibus
1240 1914 1354 2017 Syno-

185 2039 255 2134 dis,
289 2037 333 2116 ad
363 2038 494 2118 maiora
523 2040 614 2117 mala
645 2035 805 2132 vitanda,
838 2037 925 2116 illud
955 2037 1010 2114 vel
1048 2035 1269 2142 permittitur
1296 2035 1351 2113 vel

182 2165 290 2242 etiam
318 2163 587 2268 praescribitur.

265 2291 350 2365 Cum
380 2287 488 2391 igitur
516 2289 729 2368 caerimonia
760 2316 822 2368 seu
853 2292 1114 2369 matrimonium
1142 2287 1245 2367 civile
1274 2286 1354 2366 ttet-

186 2426 262 2490 tam
292 2413 353 2506 sit,
386 2427 511 2517 sponte
540 2413 718 2517 sequitur,
756 2413 844 2493 illud
873 2415 911 2492 in
940 2439 1043 2493 sensu
1070 2411 1247 2492 Ecclesiae
1283 2439 1354 2492 non

185 2562 263 2617 esse
291 2537 556 2617 matrimonium
574 2537 851 2627 clandestinam,
881 2540 977 2646 quod
998 2538 1166 2619 illicitum
1194 2538 1351 2645 prolecto

184 2677 253 2758 est,
286 2662 447 2743 districte
471 2664 704 2770 'prohibitum
746 2665 805 2767 (5)
849 2665 1088 2772 gravibusque
1130 2666 1254 2772 poenis
1292 2691 1353 2744 su-

183 2787 354 2867 biectum.

269 2923 332 2992 15.
364 2917 416 2990 lla
447 2913 514 2990 bac
542 2927 662 2993 autem
682 2914 907 2994 conclusione
937 2928 1044 3020 atque
1064 2940 1107 2993 ex
1137 2915 1230 3010 aliia,
1261 2939 1352 3019 quas

183 3037 396 3133 afferebant,
419 3037 619 3116 rationibus
639 3039 761 3118 conlici
792 3038 1126 3118 animadvertebant
1149 3042 1257 3118 etiam
1276 3041 1354 3144 opi-

181 3163 324 3240 nionem
358 3161 499 3239 illorum
527 3162 589 3267 qui
618 3161 881 3266 distinguentes
910 3163 1131 3256 asserebant,
1162 3161 1354 3250 clandesti-

181 3286 334 3365 aitotem
362 3285 535 3364 eiusmodi
564 3287 601 3364 in
620 3287 846 3366 matrimonio
874 3287 969 3366 civili
998 3287 1255 3368 admittendam
1274 3313 1351 3368 esse

181 3411 330 3518 quando
349 3423 495 3512 agentes
510 3435 554 3488 er
573 3437 692 3490 errore
707 3411 764 3490 vel
779 3413 913 3492 malitia
929 3437 1052 3492 verum
1067 3413 1271 3517 coniugium
1289 3439 1352 3520 per

183 3535 326 3616 civilem
345 3535 594 3616 caerimoniam
612 3537 781 3642 perficere
801 3536 1014 3632 intendant;
1037 3561 1139 3618 secus
1160 3537 1353 3618 excluden-

182 3661 268 3740 dam
295 3685 388 3740 esse.

267 3793 331 3866 16.
361 3791 548 3866 Praeterea
576 3801 617 3867 ut
636 3787 899 3867 matrimonium
918 3788 1020 3868 civile
1039 3789 1219 3895 sponsalia
1247 3813 1353 3895 prae-

180 3911 315 3992 seferat
345 3913 398 3990 vel
435 3914 697 3992 matrimonium
735 3912 1011 4009 clandestinum,
1043 3915 1092 3992 ita
1121 3925 1161 3994 ut
1203 3914 1353 4019 impedi-

181 4049 344 4116 mentum
371 4038 488 4142 pariat
516 4027 680 4143 publicae
722 4037 935 4134 honestatis,
966 4039 1183 4119 considerari
1227 4040 1353 4146 nequit

255 4201 290 4274 [ll
311 4199 498 4258 basanae.
521 4203 599 4256 4672.

255 4288 294 4362 (Ξ)
313 4289 430 4348 constit.
444 4293 527 4348 Inter
538 4289 709 4362 omnigenas
720 4287 751 4360 S.
768 4292 811 4348 tot
826 4294 854 4345 et
866 4287 901 4346 de
915 4289 1030 4360 syuodo
1045 4289 1098 4348 tte.
1112 4297 1138 4348 6.
1154 4305 1218 4363 eep.
1234 4297 1260 4348 7.
1275 4307 1306 4351 a.
1320 4297 1347 4352 2.

254 4377 293 4452 (3)
312 4377 416 4436 biteris
430 4377 564 4450 perlatae
581 4383 660 4437 eunt.
680 4383 716 4433 28
733 4376 811 4434 matt
831 4381 900 4434 4795
918 4377 953 4434 ad
974 4379 1106 4452 episcop.
1124 4381 1279 4440 Lucionen.

256 4465 292 4538 (4)
311 4470 340 4525 S.
359 4467 515 4525 Poenltent.
536 4471 676 4525 [astruet.
698 4465 757 4522 diet
777 4469 810 4521 lt
828 4465 950 4523 macor.
975 4473 1053 4526 teta.

257 4553 296 4626 (5)
314 4555 391 4612 Trld.
411 4571 474 4614 sees.
494 4561 528 4614 tt
548 4557 582 4614 de
599 4557 750 4630 reformet.
772 4561 862 4613 metr.
884 4571 946 4628 cap.
968 4561 993 4617 t.
