3446 5298
825 440 861 452 —
884 407 943 470 tte
963 440 1000 452 -

331 535 456 626 eteris,
488 531 853 638 praesumptionibus,
884 532 1025 610 inditiis
1061 545 1097 612 et
1130 531 1309 612 adiunctis
1347 529 1501 636 quibus-

330 680 496 760 oumqnm
528 656 653 735 sedula
682 669 776 736 oerte
804 671 841 736 et
868 656 1056 736 admodum
1084 663 1192 734 oauta
1221 655 1497 758 investigatione

329 780 487 860 curanda
515 779 599 874 erit,
632 780 681 858 ita
709 782 890 874 nimirum,
912 795 954 860 nt
973 779 1137 885 pluribus
1165 781 1249 858 hine
1277 778 1359 858 inde
1388 777 1500 858 eolle-

330 903 411 998 otis‚
434 929 627 1008 eorumque
650 917 777 982 natura
796 929 987 1010 perpensa,
1009 916 1115 1007 prout
1139 903 1273 982 seilioet
1294 904 1497 1005 urgentiora

330 1027 385 1105 vel
414 1027 546 1106 leviora
575 1041 673 1122 sunt,
706 1053 769 1106 seu
798 1029 961 1132 propiore
989 1027 1044 1108 vel
1074 1028 1259 1108 remotiore
1287 1053 1383 1106 nexu
1412 1053 1496 1106 eum

331 1153 480 1242 ,veritate
509 1152 633 1232 mortis
662 1152 943 1255 coniunguntur,
975 1151 1056 1230 inde
1089 1151 1278 1257 prudentis
1307 1153 1374 1230 viri
1402 1151 1499 1232 iudi-

331 1275 423 1367 eium
453 1275 496 1353 ad
526 1275 686 1354 eamdem
713 1289 860 1356 mortem
889 1275 1134 1356 affirmandam
1148 1275 1403 1382 probabilitate
1422 1303 1498 1354 rna·-

331 1398 440 1492 xima‚
471 1424 533 1478 sen
563 1400 686 1478 morali
714 1399 928 1480 certitudine
960 1399 1158 1506 promoveri
1189 1400 1315 1504 possit.
1338 1405 1501 1506 Quapro-

330 1535 410 1626 pter
429 1522 658 1626 quandonam
687 1523 726 1600 in
753 1523 1078 1626 singulisroasibus
1110 1523 1287 1602 habeatur
1306 1549 1349 1602 es
1370 1523 1501 1602 huius-

330 1645 425 1723 modi
461 1645 677 1726 oonieoturis
718 1647 822 1726 simul
859 1648 1059 1728 eoniunotis
1096 1647 1191 1724 iusta
1232 1645 1414 1750 probatio,
1459 1645 1495 1724 id

331 1768 499 1874 prudenti
529 1770 804 1875 relinquendum
832 1783 886 1850 est
914 1771 1042 1850 iudiois
1070 1769 1237 1864 arbitrio;
1270 1769 1348 1846 hein
1376 1781 1496 1848 tamen

334 1920 404 1973 non
425 1895 489 1974 abs
509 1920 546 1974 re
566 1896 634 1974 erit
654 1895 774 2001 plures
793 1896 951 1976 indicare
971 1896 1087 1975 lontes
1106 1919 1150 1974 ex
1169 1893 1303 1998 quibus
1323 1893 1405 1971 illae
1424 1897 1499 1972 sire

331 2019 557 2121 urgentiores
585 2019 660 2098 sive
689 2023 797 2100 etiam
825 2020 975 2100 leviores
1002 2019 1118 2121 colligi
1139 2033 1176 2098 et
1195 2018 1321 2098 haberi
1340 2017 1493 2122 possint.

411 2151 447 2222 7.
481 2148 607 2248 ltaque
636 2144 672 2222 in
702 2144 825 2249 primis
853 2144 934 2223 illae
948 2144 1255 2249 praesumptiones
1276 2143 1498 2244 investigan-

330 2266 397 2344 dae
425 2281 532 2345 erunt
559 2293 652 2372 quae
679 2293 866 2372 personam
895 2269 1007 2372 ipsius
1035 2269 1162 2347 asserti
1196 2267 1356 2346 delunoti
1385 2268 1498 2371 respi-

330 2390 452 2484 ciunt,
483 2415 649 2494 quaeque
677 2390 847 2495 prolecto¹
871 2391 971 2470 laeile
1005 2391 1130 2470 haberi
1167 2405 1336 2496 poterunt
1364 2419 1384 2468 a
1413 2415 1498 2470 eon-

330 2514 476 2607 iunotis‚
509 2514 645 2608 amitis,
678 2515 818 2610 vioinis,
850 2528 885 2594 et
913 2540 1057 2620 quoquo
1093 2515 1196 2594 modo
1224 2515 1318 2594 notis
1359 2515 1497 2594 utrius-

328 2661 399 2740 que
427 2639 602 2742 ooniugis
638 2643 681 2716 In
714 2665 866 2743 quorum
898 2641 1062 2718 examine
1101 2639 1305 2744 requiratur
1338 2665 1395 2718 ex.
1434 2664 1492 2744 pr.

408 2767 463 2839 Aa
491 2763 563 2854 ille,
596 2762 639 2840 de
676 2763 778 2842 onius
805 2765 905 2842 obitu
938 2777 993 2844 est
1025 2789 1158 2858 sermo,
1200 2761 1302 2842 honis
1339 2763 1496 2844 moribus

327 2883 487 2965 imbutus
524 2901 637 2984 esset;
669 2889 726 2992 pio
755 2887 989 2992 religioseque
1017 2889 1175 2984 viveret3
1207 2913 1424 2992 uxoremque
1440 2888 1498 2968 di-

328 3007 476 3111 ligeret3
508 3012 642 3088 nullam
671 3037 748 3090 sese
776 3012 979 3090 occultandi
1007 3037 1151 3090 oausam
1180 3011 1342 3107 haberet3
1374 3025 1495 3090 utrum

328 3133 423 3212 hona
451 3135 594 3214 stabilia
623 3135 835 3240 possideret,
867 3135 922 3212 vel
951 3135 1020 3214 alia
1049 3136 1165 3214 asuis
1192 3135 1404 3241 propinquis
1432 3147 1495 3213 aut

329 3257 474 3337 aliunde
502 3284 645 3363 sperare
673 3274 805 3364 posset.

408 3388 462 3458 Ar
491 3381 693 3462 diseesserit
713 3384 955 3462 annuentibus
975 3407 1085 3462 uxore
1105 3396 1142 3462 et
1159 3381 1377 3461 ooniunotis:
1400 3406 1491 3485 quae

328 3519 414 3584 tuno
441 3505 518 3584 eius
546 3521 646 3586 aetas
674 3520 710 3585 et
737 3507 904 3586 valetudo
932 3520 1040 3586 osset.

331 3693 334 3704 .
406 3637 460 3707 An
489 3631 681 3734 aliquando
709 3645 744 3710 et
772 3658 843 3736 quo
871 3633 945 3710 looo
974 3631 1171 3735 scripserit,
1203 3646 1239 3710 et
1277 3655 1361 3710 nurn
1389 3655 1491 3708 snam

326 3755 544 3834 voluntatem
556 3757 817 3861 quamprimum
832 3757 1004 3836 redeundi
1017 3754 1212 3860 aperuerit,
1230 3755 1369 3859 aliaque
1386 3754 1494 3832 huius

326 3878 464 3980 generis
492 3879 623 3958 inditia
653 3880 879 3982 colligentur.

404 4003 480 4080 llia
508 4029 550 4082 ex
585 4031 702 4082 rerum
741 4004 919 4084 adinnotis
947 4029 1011 4108 pro
1039 4004 1138 4082 varia
1167 4002 1354 4082 absentiae
1386 4027 1494 4081 eausa

327 4126 443 4230 colligi
472 4126 602 4206 inditia
630 4128 681 4206 sio
708 4141 891 4233 poterunt.

405 4252 443 4328 Si
472 4251 511 4328 ob
540 4251 710 4330 militiam
746 4252 890 4338 obierit,
920 4281 940 4329 a
968 4251 1058 4330 dune
1094 4252 1249 4332 militurn
1283 4253 1490 4357 requiratur

325 4373 412 4479 quid
440 4373 484 4454 de
512 4400 554 4454 eo
582 4379 686 4471 saian
710 4389 829 4456 utrum
849 4376 954 4455 alioui
970 4401 1110 4481 pugnae
1127 4376 1347 4472 interluerit3
1370 4390 1492 4456 utrum
