3424 5300
663 447 838 508 -l27-

168 569 238 661 Qui
265 569 372 650 aliter
400 595 507 676 quarn
524 581 710 674 praesente
723 570 878 675 parocho
905 569 961 649 oel
987 569 1061 648 alio
1088 570 1267 649 sacerdote
1294 570 1337 649 de

165 696 278 802 ipsius
302 695 454 801 parochi
480 720 541 774 seu
570 693 750 772 ordinarii
777 695 922 774 licentio
939 707 971 774 et
985 695 1119 774 duobus
1147 694 1204 774 uel
1223 694 1336 774 trihus

168 820 328 906 testibus,
356 818 627 898 matrimonium
656 819 862 898 contrahere
876 819 1118 906 attentabunt,
1137 845 1193 900 eos
1213 833 1337 900 sancta

167 943 328 1048 synodos
357 942 405 1022 ad
432 942 482 1020 sic
514 943 792 1022 contrahendum
826 943 969 1022 omuino
995 943 1168 1023 inhabiles
1203 943 1337 1032 reddit,

169 1083 201 1149 et
228 1067 433 1148 huiusmodi
461 1079 661 1146 constructus
696 1067 819 1146 irritos
847 1079 880 1147 et
908 1065 1023 1146 nullos
1061 1094 1133 1148 esse
1165 1067 1337 1155 decernit,

164 1205 274 1300 prout
301 1217 355 1271 eos
379 1193 562 1296 praesenti
594 1191 731 1270 decreto
764 1191 887 1270 irritos
924 1191 1016 1296 fucit
1048 1203 1081 1271 et
1108 1190 1290 1270 annullat.
1313 1237 1337 1252 -

168 1316 278 1396 nudis
304 1317 342 1394 in
371 1315 464 1394 fine:
495 1314 662 1394 Decernit
688 1315 849 1420 insuper,
879 1327 919 1394 ut
938 1315 1141 1394 huiusmodi
1159 1314 1337 1393 decretum

168 1443 206 1522 in
235 1465 446 1546 unaquaque
470 1439 644 1545 parochio
663 1465 766 1518 saum
786 1439 894 1518 rohur
910 1451 991 1544 post
1011 1438 1164 1544 triginta
1181 1438 1254 1517 dies
1274 1438 1339 1516 ho—

169 1563 247 1646 lere
275 1563 425 1669 incipiat
452 1589 476 1640 a
502 1563 560 1642 die
583 1561 725 1668 primae
747 1563 1002 1668 publicationis
1018 1563 1057 1640 iu
1084 1563 1204 1644 eadem
1228 1589 1339 1668 paro·

170 1693 250 1772 chia
276 1694 396 1798 sactae
423 1690 660 1770 numerandos
688 1691 704 1798 (
732 1691 763 1797 ).

250 1816 435 1920 Agendum
463 1817 586 1920 itaque
614 1827 669 1894 cst
702 1825 735 1894 1⁰
763 1814 807 1894 de
827 1817 861 1894 ui
878 1815 986 1894 huius
1005 1814 1158 1910 decreti3
1181 1859 1205 1874 -
1227 1823 1265 1893 2⁰
1294 1813 1337 1893 de

171 1943 375 2020 assistentia
411 1939 557 2045 parochi
596 1951 633 2017 et
661 1937 829 2035 testium;
852 1983 877 1998 -
897 1947 934 2018 3⁰
962 1937 1006 2017 de
1040 1937 1075 2014 vi
1113 1937 1339 2043 synodalium

175 2063 470 2144 constitutionum
497 2061 616 2166 quoad
645 2060 946 2142 clandestinitatis
975 2062 1281 2168 impedimentum.

700 2295 739 2392 §-
775 2303 809 2372 1.

416 2477 468 2550 De
494 2471 533 2551 oi
559 2471 690 2552 decreti
719 2471 869 2551 Consilii
899 2469 1100 2550 tridentini

253 2693 291 2764 6.
323 2683 464 2790 Duplici
493 2707 537 2762 en
570 2685 701 2789 capite,
733 2683 768 2762 vi
797 2683 905 2761 huius
938 2681 1087 2778 decreti,
1118 2681 1341 2784 clandestina

173 2807 399 2886 matrimonia
427 2807 526 2886 nulla
554 2801 713 2886 evadunt
741 2819 776 2884 et
796 2808 912 2885 irrita.
935 2805 1051 2886 Primo
1070 2805 1216 2894 directe,
1231 2832 1342 2911 quum

174 2931 298 3010 irritus
326 2942 362 3008 et
390 2929 513 3008 nullus
550 2928 764 3010 decernatur
792 2930 868 3034 ipse
900 2943 1119 3026 contractum
1142 2974 1166 2990 -
1186 2929 1342 3008 secundo

174 3053 361 3142 indirecte,
390 3079 500 3158 quum
529 3053 707 3134 inhabiles
734 3053 932 3134 reddantur
951 3078 1124 3160 personae
1139 3053 1184 3132 ad
1199 3053 1345 3134 clande-

175 3179 270 3258 stina
298 3177 455 3257 ineunda
484 3178 663 3282 coniugia.
686 3223 711 3238 -
730 3183 845 3283 Atque
865 3177 948 3257 inde
967 3179 1145 3284 sequitur,
1168 3177 1342 3258 eiusmodi

177 3299 359 3380 decretum
386 3303 494 3380 etiam
522 3325 582 3380 eos
610 3302 764 3396 afficere,
787 3302 850 3405 qui
869 3301 958 3381 illud
973 3301 1228 3381 invincibiliter
1243 3302 1345 3405 igno-

178 3439 281 3522 rant;
313 3428 364 3505 ita
392 3439 433 3505 ut
461 3425 616 3504 invalide
644 3437 679 3504 et
708 3425 744 3504 hi
773 3427 1037 3504 matrimonium
1064 3428 1188 3506 ineant
1215 3426 1253 3504 in
1281 3425 1346 3504 ab·

179 3549 294 3626 sentia
323 3547 469 3652 parochi
497 3562 533 3628 et
560 3549 706 3628 testium
733 3549 796 3628 uhi
815 3550 997 3630 decretum
1016 3549 1126 3652 riget.
1149 3553 1222 3628 Len
1250 3547 1345 3626 enim

180 3672 325 3750 irritans
346 3685 479 3767 actum,
499 3671 661 3752 effectum
680 3673 827 3752 sortitur
847 3672 1131 3777 independenter
1150 3673 1194 3751 ab
1215 3685 1343 3775 agente

187 3796 262 3875 sive
277 3796 335 3875 hic
350 3795 463 3899 legem
477 3796 616 3876 noverit
631 3799 705 3874 sive
720 3797 950 3900 ignoraverit,
969 3823 1010 3876 eo
1025 3796 1202 3876 duntaxat
1221 3795 1349 3875 discri-

181 3923 288 4017 mine,
320 3921 414 4028 quod
444 3923 651 4026 ignorantes
670 3947 741 3999 non
761 3921 892 4001 afficiat
911 3921 1029 4027 quoad
1050 3946 1175 4024 graves
1194 3946 1341 4028 poenaS,

181 4071 268 4150 quas
288 4045 535 4126 Tridentinum
555 4044 778 4124 clandestina
799 4045 1095 4126 contrahentibus
1121 4045 1345 4126 matrimonia

182 4173 352 4277 praecipit
380 4171 493 4274 inlligi
522 4170 670 4250 arbitrio
698 4169 879 4248 Ordinarii
907 4171 921 4274 (
952 4171 981 4274 ).

247 4367 287 4441 (1)
306 4367 432 4424 trident.
451 4381 518 4425 sess.
538 4371 584 4424 24.
604 4381 667 4440 cop.
689 4366 805 4425 tanmtei
825 4371 851 4422 t.
871 4367 906 4424 de
923 4369 1076 4440 reformat.
1096 4369 1237 4426 matrim.

248 4458 287 4534 (t)
306 4459 468 4518 tridentina
489 4461 621 4531 synodus
646 4459 694 4518 ott.
715 4473 777 4530 oap.
798 4459 835 4516 tte
855 4459 995 4517 eiusmodi
1006 4473 1163 4532 poenarum
1183 4461 1262 4519 addit
1281 4473 1348 4518 san-
