3402 5292
656 453 688 460 -
711 418 770 482 345
793 451 829 466 ..-

167 537 260 616 modi
290 539 537 618 matrimoniis.
578 541 658 620 Una
686 556 806 622 autem
838 569 883 622 ex
911 543 954 622 iis
981 544 1113 638 oausis,
1154 557 1195 623 ut
1223 543 1327 624 doeet

167 662 324 741 Sanohez
352 663 377 740 l.
409 690 468 759 a,
498 678 549 744 est
576 668 785 772 impotentia
812 670 1058 774 superveniens
1090 681 1174 748 ante
1200 668 1330 746 matri-

167 785 324 864 monium
338 801 636 878 aonsummatum,
653 817 724 896 qua
738 804 849 870 cessat
862 792 1087 872 matrimonii
1099 792 1196 898 finis.
1210 797 1331 882 Ouan-

169 922 205 988 to
232 935 316 1012 ergo
329 911 456 1014 ‘magis
483 912 633 992 dicenda
661 915 729 996 erit
759 915 852 996 iusta
872 931 909 996 et
929 916 1047 1018 gravis
1066 941 1173 996 eausa
1192 916 1222 994 si
1243 915 1331 994 haee

167 1035 378 1139 impotentia
406 1039 521 1142 ipsum
550 1042 783 1143 praeeesserit
803 1040 1067 1120 matrimonium
1086 1053 1123 1118 et
1142 1052 1239 1118 oerta
1255 1063 1331 1118 om-

167 1160 252 1240 nino
280 1161 348 1242 snt
378 1165 453 1240 lam
481 1187 564 1240 vero
596 1165 626 1242 si
658 1164 776 1243 animo
808 1165 1012 1244 recolantur
1031 1191 1074 1244 oa
1096 1189 1188 1269 qnae
1220 1187 1329 1268 supra

168 1313 240 1364 an.
262 1297 310 1368 15
326 1285 371 1364 ad
387 1295 436 1366 26
457 1289 620 1392 exposita
639 1313 681 1367 ao
698 1313 873 1394 perpensa
893 1288 1054 1386 luerunt,
1077 1288 1229 1394 liquebit
1249 1313 1331 1394 pro-

167 1409 290 1506 leeto,
340 1411 460 1490 Caium
512 1413 742 1517 impotentiae
798 1413 919 1509 vitio,
972 1415 1080 1492 etiam
1137 1427 1328 1518 antequam

170 1533 432 1614 matrimonium
475 1535 717 1630 contraheret,
761 1535 956 1618 laborasse.
987 1543 1033 1617 Et
1064 1537 1229 1643 quamvis
1259 1536 1329 1616 diei

169 1657 291 1751 vellet,
314 1683 385 1737 non
405 1657 590 1740 evidenter
610 1660 653 1738 de
672 1659 831 1740 eiusdem
846 1661 1078 1766 impotentiae
1094 1659 1332 1766 perpetuitate

166 1799 347 1879 oonstare,
379 1785 498 1864 neseio
526 1811 598 1890 qua
627 1785 765 1864 rationo
793 1810 837 1864 ex
866 1785 1005 1866 areanis
1024 1799 1176 1866 naturae
1196 1783 1332 1864 viribus

167 1905 257 1986 lorte
286 1909 415 2012 petita,
455 1909 544 1988 illud
582 1923 703 1988 tamen
737 1908 774 1986 in
811 1909 970 1988 themate
1006 1909 1230 2014 exploratum
1258 1919 1329 2001 est,

166 2029 363 2135 praelatam
392 2032 465 2111 Caii
494 2033 740 2137 impotentiam
768 2057 846 2112 esse
875 2032 1018 2112 omnino
1046 2044 1192 2110 eertum.
1224 2034 1333 2110 Porro

168 2154 198 2232 si
227 2156 334 2234 etiam
363 2157 510 2236 retineri
537 2156 623 2234 velit
652 2171 834 2262 tamquam
861 2155 969 2236 dubio
998 2156 1105 2234 huius
1133 2167 1249 2234 certae
1267 2155 1334 2234 im-

167 2279 351 2382 potentiae
375 2281 613 2384 perpetuitas,
646 2280 877 2358 nihilominns
913 2305 957 2358 ex
985 2280 1052 2358 hoo
1079 2280 1156 2384 ipso
1176 2277 1329 2384 patebit,

169 2399 314 2480 dubiam
329 2403 456 2482 saltem
476 2428 554 2482 esse
574 2403 687 2508 ipsam
715 2401 935 2482 validitatem
964 2402 1177 2482 matrimonii
1206 2401 1251 2480 ab
1271 2401 1332 2482 illo

168 2523 263 2604 initi.
295 2526 404 2630 Atqui
434 2557 453 2604 a
476 2527 558 2606 lieet
587 2527 624 2603 in
652 2525 776 2620 dnbio,
808 2539 849 2606 ut
877 2525 979 2606 doeet
1008 2527 1105 2606 Casei
1120 2527 1189 2631 (De
1211 2551 1328 2632 repar.

171 2656 284 2733 «tori
311 2654 372 2734 lid.
404 2666 442 2736 3.
473 2681 552 2760 cap.
585 2665 623 2734 2.
646 2679 683 2732 n.
707 2661 782 2734 386
803 2667 839 2734 et
859 2655 989 2760 sopp),
1026 2654 1333 2758 pronuntiandum

171 2805 190 2851 ‹
213 2778 261 2856 sit
289 2805 352 2884 pro
380 2778 566 2859 validitate
594 2777 808 2858 matrimonii
836 2779 939 2858 iuxta
967 2779 1157 2882 regulam.
1184 2841 1193 2857 .
1220 2840 1228 2858 .
1254 2837 1264 2872 ‚
1289 2803 1334 2858 ea

173 2914 334 2980 «tamen
362 2903 522 3009 proaedit
550 2904 586 2982 in
615 2901 887 3006 quaestionibus
925 2903 1121 2997 nullitatis,
1142 2927 1235 3007 quae
1263 2927 1334 2981 non

172 3055 191 3098 ι
216 3024 364 3129 impedit
379 3052 443 3106 neo
459 3025 628 3131 impedire
661 3037 779 3130 potest
811 3024 916 3104 linem
945 3039 981 3104 et
1014 3026 1178 3106 elleotum
1212 3024 1338 3105 matri·

173 3179 191 3222 e
215 3150 322 3228 monii
346 3211 354 3228 .
381 3211 424 3230 ..
456 3148 697 3230 Diversimode
724 3163 845 3228 antem
873 3175 910 3228 se
939 3175 996 3228 res
1024 3150 1134 3231 habet
1161 3153 1200 3230 in
1229 3175 1337 3256 puae-

174 3303 192 3346 a
217 3275 327 3354 stione
355 3273 532 3352 nuditatis
561 3299 605 3352 aar
632 3271 747 3376 rapite
774 3274 1017 3377 impotentiae,
1046 3299 1109 3380 per
1135 3299 1243 3378 quam
1263 3297 1338 3352 ma-

174 3429 193 3472 ‹
217 3399 421 3481 trimonium
436 3399 553 3504 reipsa
569 3410 623 3474 ost
638 3397 777 3474 nullum
795 3421 971 3502 saumque
991 3398 1097 3478 tinem
1116 3412 1153 3478 et
1173 3398 1337 3478 eflectum

175 3523 383 3627 <consequi
412 3522 551 3627 nequit.
583 3525 682 3598 Tune
708 3519 802 3598 enim
829 3520 914 3624 quia
943 3520 1062 3624 agitur
1089 3521 1133 3600 de
1152 3519 1337 3600 inlerenda

175 3675 193 3720 <
218 3645 346 3724 iniuria
362 3659 399 3724 et
419 3643 637 3750 praeiudioio
665 3641 779 3720 eidem
794 3657 1016 3724 sacramento
1031 3643 1262 3736 matrimonii,
1284 3643 1341 3722 di-

175 3801 193 3843 «
216 3785 313 3850 reote
342 3770 520 3850 eontraria
548 3765 709 3873 proaedit
724 3765 861 3868 regula,
886 3767 1052 3846 nimirum
1072 3767 1166 3872 qood
1181 3770 1220 3847 in
1235 3765 1340 3846 dudio

176 3925 194 3965 a
218 3894 384 3974 standum
403 3893 449 3972 rit
465 3919 533 3998 pro
547 3888 748 3970 reclusione
762 3889 1002 3977 matrimonii,
1023 3915 1065 3968 ea
1084 3889 1164 3968 viva
1184 3890 1337 3984 ratione,

177 4019 301 4122 «quia
329 4019 367 4096 in
395 4017 470 4096 loro
498 4028 662 4107 externo,
694 4012 732 4090 in
759 4037 831 4116 qno
850 4011 984 4091 iudicat
1003 4013 1178 4110 Eoolesia,
1210 4014 1342 4093 tolera·-

176 4141 325 4220 «bilius
353 4155 389 4220 et
418 4139 606 4220 honestius
640 4149 695 4214 est
723 4159 788 4239 per
824 4137 1014 4216 eanonioas
1047 4138 1277 4242 probationes
1303 4151 1341 4216 et

177 4267 320 4346 «iuxta
356 4265 580 4369 disciplinam
618 4258 797 4339 Eeelesiae
833 4260 1096 4340 matrimonium
1129 4261 1337 4356 dissolvere,

178 4417 326 4496 «qnam
354 4390 495 4469 nomine
523 4401 559 4466 et
587 4386 664 4464 iure
693 4380 910 4462 matrimonii
939 4387 1161 4464 oooasionem
1187 4383 1343 4464 inoonti-
