3424 5300
877 498 914 512 -
939 463 996 529 136
1020 497 1057 512 ..

383 584 427 668 de
454 591 598 695 propria
631 591 780 671 scientia
818 590 982 691 didicerit
1018 590 1093 670 sive
1122 615 1165 670 er
1202 589 1329 669 aliena.
1355 587 1541 682 relatione,

382 715 551 795 distincte
578 714 727 814 relerat3
759 730 795 797 et
822 703 852 796 sl
880 716 1125 823 probationem
1154 741 1197 796 en
1226 714 1371 796 testium
1405 711 1545 818 deposi-

382 839 541 920 tionibus
569 837 761 922 ciuendam
791 841 936 939 dixerit,
968 839 1142 922 eiusmodi
1175 841 1333 920 nominet
1363 851 1472 918 testes
1500 837 1543 916 de

383 987 421 1040 re
449 962 655 1058 instructos,
686 966 748 1068 qui
778 963 861 1043 dein
894 967 1048 1044 examini
1080 962 1317 1042 subiicientur
1349 985 1456 1066 super
1485 960 1542 1054 iis,

384 1086 588 1192 dequibus
617 1087 782 1168 instructi
812 1088 994 1170 dicuntur.
1027 1089 1107 1168 Sive
1135 1101 1254 1166 autem
1275 1111 1368 1166 unus
1391 1111 1434 1164 ex
1463 1111 1545 1166 cen·

384 1212 528 1316 iugibus
555 1213 603 1292 sit
629 1216 691 1322 qui
719 1214 982 1295 matrimonium
1010 1227 1165 1308 accuset,
1184 1217 1259 1294 sive
1286 1239 1388 1293 nemo
1407 1239 1541 1309 eorum,

384 1338 487 1416 ambo
514 1362 653 1444 semper
680 1339 782 1418 citari
810 1353 846 1419 et
865 1339 981 1418 audiri
1002 1340 1039 1418 in
1059 1339 1189 1419 iudicio
1208 1339 1353 1435 debent,
1376 1353 1415 1419 ut
1432 1365 1545 1448 unus·

383 1462 535 1567 quisque
563 1465 642 1542 iura
670 1488 736 1542 sua
763 1465 855 1544 tueri
885 1464 1015 1562 valcat,
1046 1490 1087 1543 ao
1115 1465 1285 1561 rationes,
1316 1464 1545 1546 deductiones

383 1587 574 1666 ueletiam
602 1587 695 1668 facta
725 1601 849 1668 contra
877 1589 993 1695 ipsum
1030 1591 1138 1670 allata
1172 1591 1316 1670 relicere
1344 1605 1406 1670 aut
1433 1591 1546 1698 expli·

383 1737 463 1791 care
492 1725 615 1816 queat.
638 1757 662 1774 -
682 1713 834 1820 Expleto
868 1727 986 1794 autem
1023 1716 1182 1795 iudiciali
1222 1716 1296 1794 sire
1333 1716 1546 1794 accusatoris

383 1838 458 1916 sive
486 1837 647 1941 coniugis
675 1838 749 1916 sive
779 1840 882 1918 testis
910 1840 1086 1936 examine,
1118 1840 1154 1918 in
1174 1839 1243 1918 fine
1263 1841 1397 1946 proprii
1414 1837 1548 1919 exarui-

385 1961 441 2040 nis
468 1961 621 2066 quilibet
648 1989 734 2042 suae
763 1963 978 2070 depositioni
1007 1965 1196 2061 suscribet,
1219 1978 1255 2046 et
1282 1965 1312 2044 si
1340 1964 1450 2045 luerit
1477 1965 1546 2044 illi·

384 2099 522 2166 teratus
537 2113 600 2192 per
614 2093 755 2192 signum
774 2091 938 2192 Cru†cis;
960 2089 1043 2169 dein
1053 2089 1255 2171 subscribet
1280 2090 1401 2187 iudex,
1424 2103 1547 2196 postca

386 2209 550 2290 defensor
577 2210 772 2292 validitatis
800 2215 1028 2310 matrimonii,
1051 2214 1192 2294 demum
1211 2214 1465 2310 Cancellarius,
1486 2213 1547 2318 qul

387 2335 494 2414 etiem
523 2333 566 2414 de
594 2349 678 2416 actu
706 2336 844 2440 rogabit
872 2338 887 2444 (
916 2336 946 2442 ).

469 2467 506 2538 6.
537 2467 589 2538 De
611 2460 878 2566 probationibus
906 2461 1148 2541 iudicialibus.

465 2585 633 2676 Quamvis
661 2600 780 2666 autem
808 2611 852 2666 ex
880 2587 1183 2667 Instructionibus
1211 2587 1270 2667 bie
1296 2590 1334 2666 in
1354 2584 1549 2693 appendice

388 2710 510 2790 relatis
538 2737 609 2790 non
644 2735 756 2817 pauca
790 2725 984 2818 suppetant
1011 2711 1056 2790 ad
1090 2712 1275 2792 veritatem
1307 2737 1350 2790 cr
1382 2735 1549 2817 processu

388 2833 595 2930 eruendam,
623 2836 726 2942 plura
755 2851 886 2934 tamen,
918 2863 1011 2943 quae
1040 2839 1077 2916 io
1104 2836 1229 2916 iisdem
1249 2835 1551 2916 Instructionibus
1584 2843 1586 2851 '

388 2959 448 3038 vir
476 2959 692 3058 innuuntur,
714 2961 832 3042 adbuc
851 2961 1071 3042 enucleanda
1089 2975 1298 3068 supersunt,
1325 2973 1401 3040 tum
1420 2973 1461 3040 ut
1480 2961 1551 3039 cla-

389 3085 464 3164 rius
493 3085 591 3164 varia
619 3085 869 3191 probationum
896 3113 1025 3192 genera
1045 3087 1090 3168 ad
1110 3087 1346 3168 accusationis
1364 3087 1551 3166 ueritatem

390 3210 649 3313 agnoscendam
677 3225 916 3316 exponantur,
947 3225 1023 3292 tum
1051 3225 1091 3290 ut
1119 3223 1283 3290 accurate
1310 3225 1347 3291 et
1373 3225 1493 3306 caute,
1511 3224 1551 3289 ut

390 3361 455 3442 par
479 3347 553 3430 est,
585 3335 813 3438 grauissimae
841 3336 1013 3416 eiusmodi
1050 3361 1179 3416 causae
1216 3348 1416 3416 tractentur
1444 3347 1550 3440 atque

391 3471 544 3563 agantur
571 3485 616 3540 ne
644 3462 700 3540 ius
728 3473 898 3565 tangatur
925 3461 1103 3542 divinum:
1125 3487 1171 3540 ne
1190 3460 1324 3540 scilicet
1342 3459 1438 3567 quod
1458 3466 1551 3541 Deus

390 3583 589 3680 coniunxit,
621 3585 724 3664 homo
752 3599 912 3691 separet3
943 3587 1000 3666 vel
1018 3585 1113 3692 quod
1141 3589 1236 3666 Deus
1264 3588 1422 3690 separari
1450 3610 1553 3692 prae-

390 3709 490 3815 cipit,
522 3709 626 3790 homo
653 3710 808 3816 turpiter
836 3710 1044 3816 coniungat.

469 3839 597 3941 Itaque
625 3837 817 3942 praecipue
845 3837 1015 3918 incensis
1033 3837 1354 3919 matrimonialibus
1373 3837 1554 3945 probatio-

390 3985 476 4041 num
504 3987 633 4065 genera
661 3975 765 4042 sunt:

499 4096 535 4164 1⁰
566 4087 742 4192 Confessio
769 4088 977 4192 coniugum;

498 4219 535 4290 2⁰
562 4218 883 4292 [calcamentorum
911 4211 1020 4310 lides;

462 4404 497 4478 (l)
517 4406 564 4464 clr
581 4407 628 4466 eit.
649 4409 780 4465 Instruct.
802 4410 831 4466 S.
851 4409 881 4464 e.
901 4407 931 4466 c.
952 4405 1009 4464 diei
1028 4411 1064 4464 22
1077 4406 1204 4478 auowtt
1223 4403 1331 4462 rateto
1349 4402 1513 4478 rppmete
1526 4408 1555 4462 t·

277 4509 281 4518 ·
393 4495 478 4554 buius
498 4496 602 4567 operis.
