3446 5298
662 463 836 523 -naa-

156 585 388 688 promissione·
420 586 667 681 matrimonii;
700 587 738 666 in
759 590 970 692 cognatione
999 589 1193 694 spirituali,
1213 603 1332 672 utrum

157 707 204 784 sit
224 706 316 784 inter
345 707 523 786 levantem
553 719 588 786 et
617 708 788 804 levatum,
821 709 876 786 rel
905 707 999 788 inter
1029 711 1203 790 levantem
1224 727 1260 791 et
1282 713 1332 792 le-

158 829 231 908 vati
261 813 460 935 parentem.

238 960 274 1030 l.
309 955 448 1034 Gradus
490 955 812 1060 consanguinitatis
850 957 905 1034 vel
942 955 1128 1060 affinitatis
1165 975 1229 1038 aut
1267 960 1330 1038 lto-

161 1077 368 1158 aestatisex
399 1080 624 1158 matrimonio
652 1093 758 1174 rata,
776 1093 811 1159 et
840 1105 886 1158 an
915 1083 961 1160 sit
988 1081 1137 1187 simplex
1168 1084 1221 1161 rel
1243 1085 1334 1162 mix-

160 1211 233 1292 tus,
274 1225 345 1280 non
383 1215 525 1281 tantum
559 1203 740 1298 remotior,
772 1203 833 1282 sed
862 1206 969 1283 etiam
997 1206 1245 1311 propinquior,
1278 1210 1332 1285 ut'i

160 1336 196 1402 et
223 1323 331 1418 linea,
355 1353 400 1403 an
429 1330 475 1406 sit
505 1341 600 1406 recta
629 1329 683 1407 vel
713 1342 943 1425 transversa;
975 1329 1058 1408 item
1087 1357 1134 1408 an
1163 1335 1332 1410 Oratores

159 1447 233 1526 sint
260 1449 440 1529 coniuncti
468 1477 511 1529 ex
546 1453 679 1557 duplici
708 1453 850 1531 vineole
890 1453 1229 1556 consanguinitatis,
1262 1470 1334 1534 tam

160 1597 204 1650 ex
232 1586 333 1676 parte
362 1577 490 1679 patrm,
522 1601 630 1679 quam
661 1601 704 1654 ex
732 1590 834 1682 parte
862 1579 1001 1656 matria.

241 1707 277 1775 5.
310 1703 488 1776 Numerus
511 1698 858 1804 impedimentorum,
879 1727 911 1780 e.
941 1727 995 1804 gr.
1027 1703 1057 1779 si
1086 1701 1180 1780 adsit
1203 1702 1335 1808 duplex

160 1836 223 1900 aut
249 1823 436 1928 multiplex
457 1824 753 1925 consanguinitas
782 1825 836 1902 rel
857 1825 1027 1920 affinitas,
1050 1825 1105 1904 rel
1131 1827 1161 1904 si
1193 1840 1337 1930 praeter

160 1947 404 2050 cognationem
425 1947 520 2026 adsit
550 1948 657 2026 etiam
677 1947 849 2043 affinitaS,
881 1961 944 2026 aut
963 1948 1061 2026 aliud
1081 1948 1342 2056 quodcumque¹

163 2071 454 2175 impedimentum
482 2073 558 2150 sive
586 2072 757 2150 dirimens
786 2072 860 2150 sive
889 2071 1099 2177 impediens.

240 2203 278 2272 6.
315 2197 442 2273 Variae
461 2195 767 2282 circumstantiae,
790 2196 930 2274 scilicet
950 2221 997 2272 an
1012 2196 1276 2274 matrimonium
1291 2196 1338 2272 sit

163 2319 445 2399 contrabendum
474 2321 531 2398 vel
554 2333 797 2414 contractum3
830 2320 860 2396 si
889 2321 959 2397 iam
994 2332 1232 2415 contractum,
1255 2345 1341 2424 ape-

162 2443 224 2520 riri
239 2443 360 2536 debet,
384 2470 430 2520 an
450 2441 542 2521 bona
571 2443 655 2538 lide,
687 2443 814 2522 saltem
842 2469 885 2520 ex
906 2457 1008 2548 parte
1032 2445 1153 2538 uniuS,
1184 2443 1241 2521 rel
1260 2468 1339 2520 cum

162 2570 310 2648 scientia
344 2569 606 2673 impedimenti;
638 2569 722 2646 item
758 2593 803 2645 an
826 2567 1032 2672 praemissis
1058 2566 1342 2646 denuntiationi-

160 2692 243 2788 bus,
266 2709 302 2773 et
322 2695 422 2772 iuxta
451 2692 597 2772 lormam
618 2691 837 2787 tridentini;
869 2693 924 2770 rel
954 2717 1000 2768 an
1028 2716 1091 2795 spe
1120 2689 1260 2768 lacilius
1280 2687 1337 2766 di-

159 2819 426 2921 spensationem
448 2817 657 2912 obtinendi;
689 2817 830 2895 demum
851 2841 898 2892 an
917 2815 964 2892 sit
984 2825 1286 2906 corisummatum,
1309 2815 1339 2890 si

165 2929 257 3018 mala
281 2940 363 3034 lide,
395 2942 521 3019 saltem
550 2941 657 3018 unius
685 2939 813 3046 partis,
845 2965 907 3017 seu
937 2963 1016 3016 cum
1045 2937 1194 3015 scientia
1223 2934 1336 3038 impe-

162 3063 323 3143 dimenti.
1058 3086 1066 3096 '

241 3198 278 3266 7.
318 3187 451 3294 Copula
481 3189 678 3267 incestuosa
708 3187 832 3266 habita
868 3187 961 3264 inter
988 3209 1138 3290 sponsos
1171 3193 1255 3260 ante
1286 3178 1341 3256 di·

162 3313 402 3416 sponsationis
430 3313 691 3408 executionem,
723 3312 798 3389 sive
828 3325 911 3389 ante
940 3309 1016 3388 sive
1046 3321 1127 3413 past
1156 3308 1233 3384 eius
1276 3305 1342 3381 im-

162 3437 411 3540 petrationem,
443 3435 517 3513 sive
547 3435 744 3514 intentione
774 3434 916 3512 lacilius
945 3433 1252 3537 dispensationem
1277 3425 1342 3506 ob-

162 3558 314 3654 tinendi,
337 3560 412 3637 sive
427 3560 533 3637 etiam
553 3557 691 3637 seclusa
712 3557 776 3637 tali
804 3558 1025 3651 intentione,
1056 3567 1092 3633 et
1119 3553 1194 3638 sive
1213 3552 1340 3657 copula

161 3682 302 3786 publice
330 3693 414 3759 nota
443 3682 504 3774 sit,
535 3681 610 3760 sive
639 3681 746 3760 etiam
775 3681 928 3759 occulta.
972 3679 1008 3756 si
1038 3679 1127 3756 haec
1166 3678 1344 3754 reticean-
1443 3733 1453 3756 t

161 3818 240 3898 tur,
271 3805 503 3908 subreptitias
531 3829 609 3884 esse
637 3817 672 3882 et
712 3803 843 3882 nullibi
873 3829 914 3881 ac
950 3802 1048 3880 nullo
1084 3800 1193 3878 modo
1222 3799 1341 3878 ralere

161 3925 447 4030 dispensationes
483 3953 590 4032 super
617 3926 903 4032 quibuscumque
945 3925 1114 4028 gradibus
1151 3922 1343 4028 prohibitis

160 4050 496 4151 consanguinitatis,
521 4049 720 4143 affinitatis,
748 4049 970 4151 cognationis
1004 4047 1205 4153 spiritualis
1239 4058 1274 4124 et
1293 4045 1345 4122 le-

162 4173 266 4276 galis,
298 4197 363 4251 nec
392 4197 459 4250 nan
489 4187 525 4252 et
553 4173 717 4278 publicae
746 4173 947 4251 honestatis
974 4171 1170 4250 declararit
1191 4197 1224 4250 s.
1255 4175 1346 4248 Con-

162 4300 321 4402 gregalia
348 4325 379 4376 s
412 4298 526 4376 Officii
555 4297 621 4376 ler.
645 4301 705 4376 lll.
732 4307 749 4374 1
774 4297 930 4399 augusti
968 4303 1083 4375 1866.
1116 4299 1159 4372 ln
1191 4293 1345 4399 petunda

162 4450 246 4503 vero
274 4423 540 4527 dispensatione
577 4446 684 4526 super
717 4419 978 4524 impedimento
1015 4419 1202 4498 affinitatis
1238 4417 1343 4523 primi
