3446 5298
700 363 877 426 -373-

198 493 438 600 appellatione
462 516 501 570 so
529 489 732 570 abstineat:
763 491 872 596 idque
899 491 1007 569 etiam
1036 504 1199 569 servetur
1227 491 1294 569 sia
1315 495 1379 568 lu-

197 617 274 696 dice
304 615 483 696 secundae
512 616 707 696 instantiae
735 639 800 720 pro
818 613 1004 693 validitate
1028 615 1245 693 matrimonii
1266 613 1375 694 suerit

197 739 408 835 iudicatum,
438 752 629 844 postquam
664 740 778 820 luder
814 737 950 844 primae
979 737 1174 816 instantiae
1203 737 1247 816 de
1276 737 1374 816 illius

199 863 364 944 nullitate
392 865 607 942 sententiam
645 863 968 969 pronunciaverat;
1000 862 1057 941 sin
1090 875 1210 940 autem
1247 873 1371 940 contra

194 987 412 1068 matrimonii
440 987 663 1068 validitatem
687 987 869 1077 sententia
897 985 1048 1081 feratur,
1080 985 1245 1066 delensor
1277 985 1371 1064 inter

195 1111 354 1216 legitima
369 1125 528 1218 tempora
553 1110 748 1220 appellabit
764 1112 965 1191 adhaerens
988 1111 1098 1216 parti,
1116 1137 1210 1217 quae
1229 1137 1294 1217 pro
1308 1137 1372 1189 va·

197 1233 339 1316 liditatc
358 1235 506 1338 agebat3
529 1261 609 1315 cum
633 1250 753 1315 autem
773 1236 811 1314 in
830 1234 962 1314 iudicio
981 1258 1085 1314 nemo
1103 1260 1199 1313 unus
1227 1234 1288 1330 sit,
1306 1234 1369 1340 qui

195 1381 260 1462 pro
287 1359 503 1438 matrimonii
523 1359 709 1440 validitate
728 1360 910 1463 negotium
939 1357 1098 1454 insistat,
1129 1357 1186 1437 vel
1206 1359 1236 1436 si
1256 1357 1365 1453 adsit,

194 1482 267 1562 lata
296 1497 420 1563 contra
448 1509 529 1563 eum
558 1487 752 1579 sententia,
784 1483 956 1563 iudicium
983 1483 1198 1582 deseruerit,
1229 1485 1368 1589 ipsoex

192 1605 308 1684 officio
336 1605 382 1685 ad
411 1607 631 1714 superiorem
659 1607 818 1688 iudicem
845 1607 1067 1714 provocabit.

269 1733 309 1831 ξ.
341 1740 380 1810 9.
412 1732 659 1838 Appellatione
688 1760 708 1811 a
736 1733 850 1839 prima
878 1717 1058 1813 sententia
1087 1735 1281 1842 pendente,
1310 1735 1367 1815 vel

190 1854 297 1933 etiam
317 1855 415 1934 nulla
444 1855 490 1934 ob
517 1857 689 1936 malitiam
718 1857 774 1936 vel
803 1856 1028 1936 oscitantiam
1057 1857 1112 1936 vel
1135 1857 1366 1937 collusionem

191 1975 389 2058 defensoris
421 1993 457 2058 et
485 1982 640 2086 partium
669 1981 880 2086 interposita
908 1980 939 2059 si
972 1980 1076 2062 ambo
1112 1981 1168 2060 vel
1202 2007 1296 2060 unus
1320 2007 1365 2062 er

190 2100 402 2204 coniugibus
439 2128 552 2182 novas
579 2105 724 2210 nuptias
753 2103 933 2184 celebrare
962 2129 1073 2183 ausus
1109 2103 1232 2201 luerit,
1263 2105 1367 2184 volu-

190 2249 269 2304 mus
296 2251 338 2304 ac
365 2225 604 2323 decernimus,
636 2239 676 2306 ut
705 2253 777 2306 non
805 2227 919 2307 solum
943 2241 1132 2306 serventur
1169 2251 1262 2332 quae
1300 2227 1366 2306 ad-

190 2373 315 2428 versus
342 2375 418 2448 ece,
448 2353 511 2458 qui
538 2351 803 2432 matrimonium
831 2364 955 2430 contra
983 2351 1213 2430 interdictum
1242 2351 1365 2431 Eccle-

188 2472 264 2552 siae
291 2475 523 2572 contrahunt,
555 2489 693 2556 statuta
721 2488 821 2570 sunt,
853 2473 1065 2580 praesertim
1093 2487 1135 2553 ut
1163 2475 1315 2564 invicem
1340 2501 1361 2552 a
1451 2530 1454 2536 ·

187 2599 453 2680 cohabitatione
474 2613 700 2706 separentur,
719 2598 955 2706 quoadusque
974 2597 1087 2679 altera
1102 2598 1282 2677 sententia
1301 2624 1363 2677 su-

187 2747 251 2828 per
279 2724 446 2803 nullitate
473 2723 707 2819 emanaverit,
725 2749 746 2801 a
765 2749 837 2830 qua
857 2723 952 2802 intra
971 2721 1085 2801 decem
1114 2721 1186 2802 dies
1214 2747 1285 2801 non
1314 2725 1362 2803 sit

187 2847 422 2952 appellatum,
445 2849 502 2927 vel
529 2848 722 2954 appellatio
742 2847 954 2953 interposita
974 2845 1116 2926 deserta
1132 2845 1262 2926 deinde
1282 2845 1361 2927 lue-

187 2971 257 3068 rit;
288 2971 351 3050 sed
380 2971 532 3051 ulterius
560 2985 602 3050 ut
626 2972 842 3050 contrahens
871 2971 926 3050 vel
955 2971 1208 3050 contrahentes
1235 2972 1361 3051 matri-

186 3096 342 3174 monium
372 3095 577 3174 huiusmodi
614 3093 778 3174 omnibns
805 3095 931 3200 poenis
965 3108 1088 3174 contra
1114 3095 1310 3201 poligamos
1338 3123 1359 3175 a

186 3220 296 3297 sacris
324 3218 528 3298 Canonibus
565 3233 603 3298 et
639 3217 962 3299 Constitutionibus
994 3219 1198 3325 apostolicis
1225 3222 1360 3299 consti·

186 3341 275 3420 tntis
294 3344 437 3422 omnino
455 3341 681 3438 subiaceant,
712 3367 803 3447 quas
823 3343 861 3420 in
880 3368 954 3438 eos,
986 3357 1167 3448 quatenus
1186 3369 1276 3450 opus
1291 3344 1353 3439 sit,

184 3479 296 3560 motu,
328 3467 479 3546 scientia
507 3491 549 3544 ac
576 3479 754 3571 potestate
782 3466 890 3544 simili
919 3491 1044 3545 rursus
1064 3469 1272 3561 statuimus
1295 3465 1359 3547 de-

185 3589 365 3667 cernimus
393 3613 434 3668 ac
462 3615 688 3670 renovamus.

262 3715 301 3813 ἓ.
337 3721 400 3794 10.
431 3718 668 3819 Posteaquam
697 3737 780 3792 vero
817 3715 1067 3820 appellationis
1103 3713 1276 3794 beneficio
1309 3714 1355 3793 ad

183 3836 334 3916 alterum
355 3837 513 3916 Iudicem
532 3863 640 3916 cansa
659 3838 696 3915 in
717 3837 874 3917 secunda
894 3839 1067 3918 instantia
1086 3837 1206 3918 delata
1226 3838 1352 3934 luerit,

181 3962 297 4040 omnia
326 3977 363 4042 et
389 3962 530 4063 singula
558 3986 805 4067 quaecumque
824 3987 943 4040 coram
962 3962 1085 4042 Iudice
1105 3961 1142 4040 in
1162 3963 1277 4069 prima
1298 3963 1355 4040 in·

182 4087 312 4164 stantia
332 4086 508 4166 servanda
527 4087 717 4194 praefinita
737 4086 897 4180 luerunt,
920 4085 1027 4164 etiarn
1047 4111 1164 4165 coram
1185 4087 1298 4165 altero
1318 4085 1356 4163 in

181 4209 336 4290 secunda
364 4227 488 4292 exacte
508 4237 549 4292 ac
568 4211 758 4315 diligenter
777 4209 1039 4305 custodientur,
1071 4211 1181 4290 citato
1200 4211 1237 4288 in
1265 4233 1356 4314 quo-

180 4331 268 4413 libet
291 4333 413 4414 iudicii
442 4349 523 4416 actu
552 4334 737 4416 delensore
767 4333 996 4429 matrimonii,
1016 4335 1081 4438 qui
1101 4359 1184 4414 voce
1212 4347 1248 4413 et
1267 4333 1357 4411 scri·
