3402 5292
827 404 1004 466 -336-

330 566 411 646 cap.
446 552 507 620 13.
541 569 603 620 on.
637 543 798 648 alt-as).
822 589 846 605 -
865 545 933 623 Sed
950 571 1087 625 omnem
1103 548 1171 626 hac
1199 549 1236 627 in
1255 575 1292 627 re
1321 551 1503 656 ambigui-

331 681 439 746 tatem
455 669 603 746 sustulit
617 669 934 770 Schmalzgrueber
948 695 1028 748 cum
1045 673 1217 768 Sanohez,
1231 676 1410 772 Gutierez,
1425 679 1502 756 Pir-

330 797 431 898 lting,
463 797 677 893 Wiestener,
709 799 944 878 Reillenstuel
974 814 1010 878 et
1038 801 1132 894 aliis,
1151 803 1418 880 accuratissima
1446 803 1504 881 di·-

331 921 549 1016 stinotione,
590 923 782 1000 scribens:
817 954 836 996 ‹
878 923 941 1000 Vel
978 924 1144 1003 uidelicet
1181 939 1334 1030 uterque
1371 929 1500 1006 coniux

333 1043 667 1148 «impedimentum
697 1045 844 1141 latetur,
877 1047 933 1124 vel
962 1072 1057 1126 unus
1084 1049 1198 1128 solum
1223 1049 1395 1130 adversus
1423 1079 1500 1130 ma-

334 1168 580 1246 «trimonium
609 1169 655 1246 ob
684 1169 929 1274 impotentiam
965 1173 1172 1276 proclamat,
1204 1175 1296 1252 alter
1323 1199 1405 1253 rero
1434 1177 1501 1253 im-

334 1321 352 1363 a
375 1294 570 1396 potentiam
584 1307 713 1396 negat:
733 1291 766 1372 'si
785 1296 937 1400 primum
954 1297 1124 1375 audiendi
1139 1313 1224 1377 suut
1238 1299 1500 1404 proclamantes

334 1443 351 1488 a
375 1415 547 1494 adversus
574 1418 837 1497 matrimonium
857 1446 1082 1526 quocumque
1101 1433 1271 1526 ternpore,
1293 1425 1399 1503 etiam
1419 1440 1500 1530 post

334 1567 352 1612 «
375 1539 506 1618 multos
535 1565 661 1636 annoS,
693 1567 736 1620 ex
765 1567 844 1647 cap.
875 1543 1137 1648 fraternitatis,
1159 1547 1243 1649 quia
1272 1561 1389 1626 tractu
1409 1561 1500 1628 tem-

333 1698 351 1740 «
375 1667 472 1771 poris
500 1669 762 1746 matrimonium
783 1667 921 1746 irritum
943 1693 1013 1746 non
1030 1669 1207 1748 firmatur:
1226 1669 1256 1748 si
1284 1672 1497 1768 secundum,

334 1791 567 1871 «ridendum
596 1807 663 1886 cst,
695 1815 742 1869 an
770 1792 1001 1897 proclamatio
1029 1791 1092 1872 fiat
1119 1807 1202 1872 aute
1228 1793 1424 1875 triennium
1453 1795 1499 1876 ad

334 1919 630 2021 «experientiam
659 1904 839 2022 potentiae
868 1931 932 1995 aut
961 1917 1190 2021 impotentiae
1210 1945 1230 1994 a
1250 1919 1327 1997 iuro
1355 1945 1500 1999 conces-

335 2065 469 2135 «sum‚
502 2042 556 2118 vel
586 2055 666 2146 post
694 2039 801 2158 illud:
834 2041 864 2118 si
893 2055 972 2146 post
1001 2040 1103 2136 illud,
1137 2041 1315 2121 audienda
1340 2057 1498 2148 estpars

334 2165 612 2269 «proclamans,
654 2165 761 2243 etiam
798 2164 1063 2245 contradicente
1102 2167 1228 2259 altera,
1265 2183 1306 2247 ut
1343 2193 1386 2247 ex
1415 2195 1495 2274 cap.

334 2290 619 2393 «fraternitatis
646 2304 683 2368 et
711 2289 772 2367 lrn.
804 2289 947 2366 citatis:
979 2293 1008 2368 si
1037 2301 1120 2367 ante
1140 2287 1348 2386 triennium,
1371 2291 1499 2369 subdi-

334 2413 630 2516 «stinguendum
658 2427 727 2506 est,
759 2439 804 2490 an
834 2413 1057 2518 proclamans
1085 2414 1259 2516 allegatae
1278 2443 1298 2492 a
1319 2441 1356 2493 se
1385 2416 1499 2520 impo-

334 2567 352 2612 «
377 2539 510 2618 tentiae
530 2539 630 2640 signa
642 2551 753 2632 certa,
772 2552 835 2617 aut
850 2539 976 2616 saltem
987 2537 1192 2617 verisimilia
1204 2537 1342 2632 allerat,
1357 2565 1402 2616 an
1413 2563 1497 2617 rero

332 2693 351 2738 «
374 2663 483 2742 dubia
512 2662 715 2740 dumtaxat:
748 2662 777 2739 si
793 2673 888 2740 certo
909 2662 963 2740 rel
984 2662 1111 2740 saltem
1138 2659 1367 2748 verisimilia,
1389 2661 1497 2739 etiarn

333 2819 351 2862 «
375 2799 462 2866 onte
490 2785 700 2864 triennalem
728 2787 984 2890 experientiam
1004 2783 1100 2863 debet
1118 2785 1263 2877 andirr';
1283 2788 1313 2863 si
1332 2811 1414 2863 xero
1430 2783 1498 2863 du·

334 2911 435 2990 «bia
464 2911 591 3004 solum,
633 2923 715 2987 ante
748 2909 938 2988 triennium
977 2909 1160 2988 audientia
1192 2907 1243 2986 illi
1281 2909 1492 3011 denegatur,

336 3046 597 3111 «nontamen
631 3047 711 3137 post
743 3034 839 3112 illam
877 3033 1063 3138 (triennal
1100 3031 1258 3136 exper.),
1300 3032 1404 3108 immo
1432 3055 1498 3110 neo

336 3172 461 3238 «ante
490 3159 601 3251 illam,
632 3154 662 3234 si
691 3157 825 3251 statim,
857 3155 949 3233 idest
978 3169 1058 3260 post
1076 3181 1188 3234 unum
1206 3155 1262 3234 uel
1282 3155 1370 3236 duos
1398 3181 1498 3234 men·

336 3309 449 3377 «ses,
481 3281 691 3386 proclamet3
709 3282 770 3384 qui
787 3279 964 3381 genuinus
992 3292 1047 3358 est
1075 3304 1201 3357 sensus
1220 3305 1299 3386 cap.
1330 3281 1497 3386 accepisti

337 3437 355 3482 «
378 3408 477 3486 citati
497 3437 515 3481 s
538 3405 752 3511 (Sohmalzg.
772 3404 833 3482 lib.
854 3413 891 3482 l.
910 3412 945 3500 ἓ.
966 3399 1003 3482 3'.
1024 3403 1081 3481 tit.
1105 3413 1165 3484 15.
1185 3406 1403 3508 nn.73-7l)
1419 3406 1492 3509 (ll.

334 3577 357 3592 -
377 3531 485 3633 Atqui
514 3531 551 3606 in
579 3554 664 3607 casu
693 3553 763 3606 non
792 3529 965 3606 habemus
1003 3553 1114 3605 uuum
1142 3533 1326 3632 coniugem
1359 3527 1497 3634 procla-

333 3667 502 3747 mantem,
534 3665 569 3730 et
589 3653 740 3730 alterum
755 3652 955 3729 iuramento
970 3666 1173 3753 negantem,
1197 3675 1268 3755 quo
1286 3651 1363 3730 dari
1384 3653 1495 3756 possit

333 3777 431 3855 locus
458 3775 625 3854 triennali
654 3775 907 3879 experientiae.
940 3779 985 3852 Et
1005 3774 1041 3851 in
1062 3775 1127 3852 hoc
1155 3776 1262 3852 etiam
1281 3801 1365 3853 casu
1385 3777 1496 3852 trien-

333 3899 406 3976 nali
420 3899 527 3977 datur
543 3899 639 3976 locus
658 3897 847 3976 dummodo
866 3899 1006 3992 mulier,
1030 3911 1070 3976 ut
1085 3898 1335 3977 animadvertit
1354 3897 1492 3991 Glossa,

332 4047 406 4100 non
434 4023 560 4126 prabet
588 4047 626 4099 se
654 4022 826 4123 virginem
855 4045 930 4098 esse
960 4047 1022 4125 per
1050 4035 1232 4126 aspectum
1263 4021 1418 4126 corporis
1438 4021 1496 4125 (ut

329 4144 416 4224 lecit
444 4145 566 4250 Iulia),
598 4145 681 4250 quia
703 4158 789 4223 tunc
808 4145 897 4222 bene
917 4145 1063 4222 auditur
1083 4146 1156 4222 sive
1177 4157 1257 4250 post
1278 4145 1398 4237 breve,
1421 4143 1495 4222 sive

333 4281 415 4375 post
435 4269 578 4374 longum
595 4283 749 4375 tempus,
763 4281 803 4346 ut
822 4295 864 4346 ex
877 4269 1031 4389 'citcap
1050 4270 1295 4375 requisistiEt
1310 4269 1496 4350 confirma-

389 4421 428 4496 (1)
448 4426 547 4482 llccolc
566 4433 661 4482 tamen
681 4437 753 4496 quae
772 4423 899 4480 diximus
919 4428 1001 4493 part.
1023 4429 1047 4478 t.
1069 4439 1132 4496 cap.
1145 4429 1172 4480 2.
1183 4434 1242 4484 ort.
1263 4431 1290 4482 2.
1310 4429 1446 4482 n.7.uot.
1465 4427 1493 4480 3.
