3424 5300
658 465 695 481 -
717 431 771 498 ttt
795 464 832 480 ·-

250 563 359 638 Porro
385 571 568 648 contestes,
603 561 665 667 qui
704 561 776 639 sint
804 557 898 636 omni
927 555 1135 661 exceptione
1168 555 1332 650 maiores,

170 683 305 788 quique
333 685 370 761 in
398 683 536 764 obiecto
555 683 743 791 principali
772 682 816 761 de
844 681 994 761 scientia
1023 705 1086 758 seu
1115 679 1357 785 experientia

172 810 316 914 propria
344 823 380 888 et
408 809 611 889 immediata
648 821 841 903 testentur,
878 805 981 911 plene
1018 803 1185 909 probant,
1217 805 1339 882 itaut

173 929 324 1038 proferri
353 949 462 1039 queat
498 935 700 1030 sententia3
723 945 877 1012 -testes
906 928 1103 1035 stipatores
1137 927 1339 1007 admittito-

172 1055 284 1138 lctiue
308 1083 417 1163 super
446 1073 529 1140 actu
557 1059 702 1164 speciali
731 1083 802 1137 non
834 1055 1049 1148 successivo,
1082 1053 1136 1132 vel
1165 1057 1341 1133 coustitu-

173 1195 256 1262 ente
285 1205 396 1262 unum
424 1197 538 1263 totum
567 1183 754 1288 integrale,
786 1209 858 1264 non
886 1181 1020 1260 iaciunt
1048 1181 1188 1285 plenam
1216 1180 1335 1278 tidem,

173 1331 341 1412 magnum
370 1322 490 1388 tamen
517 1309 771 1388 adminiculum
790 1323 827 1388 et
845 1305 1169 1416 praesumptionem
1197 1305 1339 1410 siquae

174 1447 369 1513 narrantur
395 1431 561 1538 pluribus
589 1432 868 1513 circumstantiis
895 1443 1019 1510 notata
1038 1431 1111 1507 sint
1131 1443 1237 1534 atque
1266 1428 1341 1506 dis-

171 1560 303 1653 tincta;
325 1603 350 1618 -
368 1568 477 1636 testes
505 1557 704 1664 sinpclores
733 1554 1176 1662 diversificotiaeprobant
1205 1555 1340 1657 singuli

174 1697 347 1788 tanquam
375 1707 487 1780 unus3
510 1723 534 1744 ··
553 1683 751 1789 sinpulcres
784 1698 903 1763 antem
937 1680 1105 1760 odstctiue
1133 1703 1204 1757 nou
1237 1677 1341 1758 modo

179 1805 277 1886 haud
306 1805 474 1912 probant,
504 1805 567 1886 sed
600 1808 690 1887 alter
718 1807 866 1886 alterius
886 1803 1127 1888 testimonium
1145 1802 1282 1911 elidit(
1310 1801 1340 1908 ).

257 1931 417 2036 Denique
446 1931 549 2010 testis
580 1944 804 2037 potestesse
836 1928 1032 2015 vacillans,
1062 1929 1092 2006 si
1121 1951 1246 2033 nempe
1275 1927 1342 2007 suh

179 2053 290 2132 dubio
318 2053 474 2160 deponat
502 2069 539 2134 et
566 2056 709 2135 errandi
743 2055 947 2155 iomnidiue3
970 2099 994 2116 -
1010 2051 1135 2132 varius
1163 2053 1193 2130 si
1222 2052 1344 2132 firmus

178 2205 250 2258 non
278 2193 415 2285 perstet
442 2181 480 2258 in
507 2184 582 2260 suis
601 2179 721 2278 dictis,
743 2181 806 2260 sed
826 2179 958 2259 laetum
977 2179 1118 2260 diverso
1136 2178 1240 2258 modo
1260 2205 1344 2258 nar-

179 2318 254 2401 ret3
277 2347 300 2364 -
320 2303 459 2384 sibimet
486 2304 703 2394 contrarius,
732 2306 794 2412 qui
823 2303 968 2410 deponit
1001 2303 1070 2383 sibi
1098 2301 1248 2382 invicem
1276 2329 1345 2410 pu-

181 2431 328 2534 gnantia
356 2429 371 2535 (
401 2427 431 2534 ).

266 2549 459 2633 Vecillooti
486 2554 570 2634 testi
598 2552 698 2632 nulla
725 2547 813 2630 fides
832 2565 888 2630 est
906 2549 1109 2630 adhibenda
1125 2552 1155 2630 si
1175 2577 1257 2632 vere
1276 2551 1345 2632 du-

181 2679 330 2758 bitando
359 2679 527 2786 deponet.
560 2681 621 2759 Sin
649 2690 768 2756 autem
796 2674 951 2782 deponat
979 2675 1164 2772 vacillans,
1182 2676 1244 2756 sed
1265 2691 1346 2757 tan-

183 2801 362 2883 tummodo
391 2801 595 2900 titubando,
626 2799 830 2896 metuendo,
849 2799 1134 2906 expallescendo‚
1165 2801 1342 2898 sudando

181 2931 404 3009 imminuitur
418 2927 575 3034 quidem,
594 2953 665 3007 uon
679 2939 798 3005 tamen
818 2923 906 3003 fides
920 2925 953 3004 ei
973 2924 1116 3004 omuino
1136 2925 1342 3030 abrogatum

181 3053 294 3158 magis
324 3079 407 3134 vero
434 3053 490 3132 vel
518 3051 635 3130 minus
669 3047 890 3130 imminuitur
924 3075 988 3154 pro
1019 3048 1147 3128 iudicis
1178 3049 1347 3156 prudenti

184 3177 326 3256 criterio
341 3175 572 3284 ponderantis
586 3201 713 3256 causas
723 3175 863 3280 aliaque
874 3187 1051 3254 momenta
1061 3173 1285 3281 formidinis(
1314 3175 1343 3278 ).

184 3347 207 3362 -
233 3302 338 3380 Vario
366 3301 450 3382 testi
479 3298 695 3380 credendum
721 3299 930 3405 plerumque
958 3301 996 3376 in
1024 3299 1082 3396 iis,
1113 3325 1206 3405 quae
1234 3300 1347 3406 primo

185 3426 364 3532 deposuit,
382 3449 597 3532 quamquam
617 3427 713 3530 prior
732 3423 905 3530 depositio
924 3447 995 3504 non
1015 3451 1140 3531 parum
1156 3453 1176 3503 a
1191 3425 1348 3506 secunda

183 3551 381 3630 inlirmetur
409 3551 481 3655 (l).
504 3597 529 3612 -
550 3547 695 3630 sibimet
721 3546 896 3628 contrarii
924 3549 1022 3628 testis
1050 3575 1114 3629 seu
1149 3550 1348 3656 pugnantia

185 3681 223 3756 in
251 3704 316 3757 sua
343 3677 565 3783 depositione
593 3673 745 3755 dicentis
774 3673 1014 3754 testimouium
1047 3675 1182 3754 nullius
1210 3689 1265 3755 est
1292 3701 1350 3754 ro-

183 3799 294 3898 boris,
325 3802 394 3880 uisi
422 3801 511 3880 forte
539 3827 577 3880 se
606 3799 698 3878 illico
726 3801 801 3906 ipse
834 3799 1000 3904 corrigat,
1032 3799 1115 3906 quia
1148 3814 1235 3880 tnnc
1267 3801 1348 3880 eius

185 3926 395 4006 correctioni
423 3939 478 4005 est
505 3923 773 4004 adhaerendum
802 3923 817 4025 (
847 3922 876 4030 ).

257 4101 291 4175 ll]
313 4103 472 4161 Leurenius
493 4103 513 4160 l.
533 4119 557 4158 c.
577 4105 689 4175 quaest.
709 4103 772 4157 603.

260 4191 296 4264 (tl
317 4192 395 4249 ldem
414 4192 488 4249 idid.
509 4196 620 4264 quent.
641 4195 702 4246 tot.

261 4275 296 4349 (3)
317 4276 395 4334 ldem
414 4283 526 4350 quaest.
546 4280 608 4330 etl.

262 4365 297 4437 ll)
317 4366 395 4422 ldem
415 4373 528 4440 quant.
549 4371 612 4422 607.

261 4451 298 4528 (5)
319 4455 373 4512 sad
392 4455 457 4513 vide
476 4455 572 4514 varios
591 4449 762 4525 casusapud
776 4453 950 4512 Leureuium
961 4451 1037 4512 toto.
1056 4469 1105 4528 qq.
1130 4460 1191 4524 tot,
1208 4461 1269 4527 dot,
1287 4461 1349 4528 ⁶08,
