3444 5302
898 385 935 400 ...
960 355 998 416 20
1020 385 1056 400 .-

389 479 498 558 huius
534 478 712 559 secundae
748 477 948 558 sententiae
985 479 1126 584 patroni
1155 491 1303 574 tenent,
1345 503 1561 560 consensum

388 601 528 707 puellae
556 603 768 708 inruptum,
800 602 954 682 indolem
973 615 1098 709 raptus
1126 627 1196 679 non
1223 601 1421 697 destruere,
1453 628 1496 681 111
1515 629 1558 684 66

388 738 556 831 repetunt
583 726 678 832 quod
707 724 878 805 eiusmodi
899 751 1094 806 consensus
1113 725 1159 804 ab
1187 725 1327 804 insidiis
1345 726 1556 831 nequissimi

388 849 550 929 hominis.
570 849 730 955 rapinam
761 849 968 930 meditantis
996 851 1192 944 inducitur,
1223 861 1258 927 et
1286 848 1365 928 ideo
1385 849 1556 928 violentie

388 973 532 1052 moralis
551 973 619 1079 ipsi
639 973 777 1052 mulieri
793 973 958 1070 infertur,
977 973 1141 1078 quamvis
1156 971 1321 1052 videatur
1335 974 1550 1053 consentire.

467 1107 503 1176 7.
535 1099 631 1176 Haec
651 1110 770 1176 autem
798 1099 977 1176 sententia
996 1097 1197 1176 luculenter
1224 1095 1453 1176 confirmatur
1472 1097 1557 1202 plu·

385 1221 486 1300 ribus
505 1247 625 1300 sacrae
646 1221 936 1325 tongregationis
950 1221 1096 1301 Concilii
1112 1220 1426 1317 declarationibus,
1444 1247 1549 1326 quas,

385 1337 435 1424 ad¹
469 1347 563 1424 hanc
591 1348 708 1448 magni
736 1345 881 1452 quidem
918 1347 954 1424 in
983 1347 1086 1451 praxi
1114 1346 1281 1425 momenti
1314 1345 1429 1424 lusius
1463 1371 1555 1424 enu-

385 1471 570 1549 cleandam
590 1471 848 1575 quaestionem,
871 1469 1012 1572 collegit
1030 1482 1065 1548 et
1086 1470 1280 1549 illustrarit
1299 1483 1423 1548 auctor
1442 1471 1552 1575 ephe-

382 1596 556 1676 meridum
576 1621 815 1692 romanarum,
839 1589 971 1701 quibus
990 1609 1069 1674 acta
1093 1609 1238 1675 sanctae
1258 1595 1359 1674 Sedis
1378 1595 1415 1674 in
1435 1597 1549 1676 lucem

385 1719 557 1799 eduntur.
589 1720 662 1828 (l).
694 1725 806 1810 Quam
844 1719 1021 1801 eruditam
1050 1721 1341 1826 disceptationem
1379 1722 1552 1806 claritatis

384 1858 420 1923 et
434 1844 713 1950 opportunitatis
733 1847 846 1948 gratia
862 1845 899 1922 in
915 1843 984 1922 lrne
1001 1843 1108 1922 huius
1123 1843 1284 1948 opusculi
1300 1844 1511 1922 exscribam.
1526 1891 1552 1906 -

384 1971 532 2048 Interim
573 1995 652 2048 oum
694 1968 817 2048 eodem
864 1981 1008 2048 auctore
1049 1967 1248 2062 concludo,
1298 1967 1551 2048 resolutionem

384 2093 541 2200 (quoties
568 2093 695 2171 mulier
724 2099 842 2198 raptui
871 2093 1091 2172 consensisse
1121 2091 1302 2194 videatur)
1331 2117 1374 2169 111
1402 2116 1555 2195 perspe-

382 2215 451 2295 ctis
478 2215 657 2296 adiunctis
685 2215 938 2296 desumendam
966 2241 1058 2296 esse.
1092 2215 1166 2293 «si
1195 2217 1288 2293 enim
1316 2215 1442 2294 mulier
1470 2214 1550 2294 ideo

383 2342 421 2418 in
439 2339 688 2420 abductionem
709 2344 921 2436 consentiat,
955 2353 993 2418 at
1012 2339 1161 2418 liberius
1184 2339 1445 2418 matrimonium
1466 2363 1552 2415 con·-

382 2464 525 2559 trabat‚
566 2477 601 2542 et
640 2465 705 2544 boc
734 2463 959 2543 abductionis
988 2463 1104 2542 medio
1132 2474 1256 2541 utatur
1284 2463 1329 2540 ad
1362 2460 1544 2540 obstacula

381 2588 608 2681 removenda,
641 2612 712 2666 non
732 2587 873 2667 videtur
893 2600 1017 2693 raptus
1045 2586 1109 2666 sed
1136 2613 1232 2665 mera
1260 2585 1358 2689 luga,
1382 2583 1546 2690 quamvis

383 2714 504 2820 aliqua
533 2713 662 2792 iniuria
691 2711 902 2818 parentibus
934 2711 1229 2791 dissentientibus
1262 2711 1545 2813 irrogatum-lt

381 2839 411 2914 si
440 2837 494 2915 vir
520 2851 618 2916 recta
647 2837 703 2915 via
732 2863 804 2915 non
831 2836 943 2941 possit
971 2837 1130 2916 mulieris
1158 2829 1369 2914 consensum
1406 2833 1444 2911 in
1472 2858 1549 2909 ma-

379 2961 585 3042 trimonium
604 2961 765 3041 obtinere
785 2975 821 3040 et
849 2961 932 3071 inde
951 2962 1113 3066 rapinam
1141 2961 1216 3039 sire
1245 2960 1379 3044 lurtum
1405 2957 1544 3062 puellae

381 3085 587 3181 meditatus,
620 3086 768 3190 incipiat
786 3085 1008 3190 inexpertam
1027 3084 1280 3164 circumuenire
1300 3082 1452 3178 insidiis,
1475 3083 1552 3160 sol·

379 3209 639 3288 licitationibus
673 3209 804 3288 dolosis
841 3222 932 3304 etc,
970 3223 1012 3288 ut
1040 3209 1136 3288 bisce
1170 3208 1365 3287 artibus...
1389 3207 1545 3311 aliquam

379 3332 557 3410 versatilis
576 3333 715 3438 puellae
744 3332 1033 3438 complacentiam
1054 3345 1278 3436 extorqueat,
1310 3357 1381 3436 qua
1400 3329 1545 3409 obtenta

379 3455 417 3534 in
436 3469 595 3562 spretum
615 3471 803 3562 parentum
831 3482 908 3536 eam
927 3456 1059 3562 rapiat,
1082 3481 1184 3535 nemo
1203 3481 1275 3534 non
1294 3455 1404 3549 videt,
1429 3455 1544 3532 virum

378 3579 522 3684 quidem
550 3579 735 3660 intendere
755 3581 909 3686 puellam
937 3581 974 3661 in
991 3583 1255 3660 matrimonium
1282 3603 1421 3684 cogere,
1443 3577 1548 3684 puel-

378 3703 448 3781 lam
476 3718 594 3784 autem
623 3705 763 3784 insidiis
791 3707 858 3785 viri
887 3733 931 3786 611
959 3707 1258 3786 circumventione
1285 3701 1544 3809 quodammodo

377 3824 586 3923 adhaerere,
626 3831 713 3932 quin
748 3830 824 3934 ipsa
857 3832 950 3909 serio
978 3830 1155 3924 advertat,
1192 3853 1229 3907 se
1258 3828 1303 3907 ad
1338 3827 1541 3929 coniugium

377 3949 572 4028 ineundum
600 3951 710 4054 adigi,
742 3951 838 4057 quod
871 3966 997 4058 sponte
1030 3967 1066 4032 et
1099 3965 1222 4031 contra
1255 3965 1443 4058 parentum
1477 3973 1541 4026 vo-

377 4071 552 4151 luntatem
580 4100 763 4180 nunquam
793 4076 911 4156 lorsan
941 4077 1067 4156 luisset
1095 4079 1266 4155 initura»
1297 4076 1371 4182 (2).

448 4233 481 4304 ll)
500 4232 575 4291 Clr«
596 4237 668 4291 loto
685 4237 809 4294 Sanctae
831 4235 913 4293 Sedis
931 4235 965 4292 in
983 4235 1187 4308 compendium
1206 4241 1365 4307 opportune
1382 4231 1499 4290 rodomo
1516 4237 1546 4290 et

372 4318 543 4378 illustrata.
565 4343 579 4372 a
600 4323 661 4378 Vol.
683 4325 705 4379 Ι.
725 4338 795 4396 pop.
816 4330 850 4382 ot
869 4329 895 4382 rt
912 4339 989 4397 seqq.
1136 4309 1145 4328 ⁸

448 4407 483 4479 12)
501 4413 569 4466 Acta
589 4411 636 4466 cit.
655 4425 726 4482 pop,
745 4417 791 4469 ot.
