3406 5302
867 455 1042 519 -250-

452 580 504 654 lla
534 577 590 654 his
618 591 752 672 autem,
783 603 876 682 quae
904 579 948 657 de
976 579 1153 658 domicilio
1181 593 1217 659 et
1236 579 1536 684 quasi-domicilio

374 701 616 798 disseruntur,
648 716 775 808 sponte
803 704 896 796 lluit,
928 704 1083 808 aliquem
1110 703 1243 783 habere
1271 730 1374 810 posse
1402 704 1533 810 duplex

352 825 612 912 'domicilium
641 840 676 905 et
703 842 961 932 consequenter
989 827 1078 906 duos
1102 827 1309 933 parochias,
1339 829 1451 906 itaut
1477 853 1536 906 co-

374 975 450 1029 ram
479 951 650 1030 utrolibet
677 952 817 1030 illarum
837 952 991 1056 parocho
1009 965 1118 1056 queat
1138 953 1253 1032 valide
1273 953 1535 1032 matrimonium

375 1076 600 1154 contrahere.
633 1075 685 1154 hd
714 1101 786 1154 rem
815 1076 992 1154 Sanclrez:
1025 1082 1225 1156 «Ceterum
1254 1077 1442 1156 dicendum
1462 1091 1530 1170 est,

374 1196 519 1300 quando
546 1198 628 1302 quis
660 1199 835 1304 duplicem
869 1200 1073 1305 parochiam
1106 1201 1338 1280 habitationis
1370 1201 1531 1294 sortitur,

374 1319 468 1425 quod
499 1334 585 1400 tuno
613 1323 731 1401 evenit
758 1323 903 1428 quando
931 1322 1130 1429 aequaliter
1149 1324 1186 1403 in
1205 1338 1357 1430 utraque
1377 1323 1531 1416 habitat,

373 1457 415 1522 ut
443 1446 479 1521 in
509 1443 635 1551 hyeme
663 1447 700 1524 in
727 1471 813 1539 una,
845 1448 880 1524 in
910 1459 1045 1526 aestate
1073 1447 1110 1524 in
1138 1448 1265 1541 altera,
1296 1471 1398 1552 posse
1418 1471 1535 1525 coram

374 1569 530 1673 parocho
548 1571 737 1681 utriusqpe
753 1571 1013 1650 matrimonium
1029 1571 1132 1649 inire.
1152 1571 1328 1650 Probatur
1342 1574 1425 1676 quia
1437 1585 1536 1649 utra-

373 1718 443 1798 que
472 1707 527 1772 ost
554 1695 725 1798 parochia
752 1694 889 1772 istius.
916 1755 924 1772 .
950 1756 959 1772 .
986 1723 995 1792 ;
1026 1720 1109 1798 ergo
1137 1707 1281 1773 nonest
1308 1694 1419 1772 maior
1446 1695 1536 1772 ratio

374 1843 438 1896 our
465 1818 555 1896 alter
582 1819 679 1897 solus
708 1819 885 1922 parochus
903 1821 1017 1925 possit
1035 1819 1202 1898 assistere
1219 1819 1470 1898 matrimonio.
1493 1879 1502 1895 .
1523 1877 1532 1894 .

374 1941 473 2030 Quod
502 1954 620 2021 autem
648 1943 737 2037 dixi,
769 1944 902 2048 requiri
930 1957 970 2023 ut
997 1943 1197 2050 aequaliter
1224 1945 1262 2022 in
1289 1957 1443 2048 utraque
1472 1943 1537 2020 ha-

374 2063 479 2158 bitet,
510 2089 581 2144 non
611 2066 789 2170 intelligas
817 2068 1078 2155 mathematice,
1109 2069 1170 2148 sed
1198 2067 1330 2146 maroli
1347 2065 1464 2152 modo,
1485 2068 1536 2145 ita

375 2203 418 2268 ut
444 2190 492 2267 sit
519 2189 680 2293 aequalis
717 2193 858 2270 omnino
891 2205 955 2271 aut
987 2191 1059 2270 lere
1088 2191 1282 2297 (aequalis)
1309 2189 1533 2270 'habitatios

376 2312 551 2418 (Sanchez
579 2313 604 2390 Ι.
635 2337 667 2391 c.
699 2313 791 2418 disp.
825 2323 888 2394 dl.
921 2341 983 2393 nn.
1016 2317 1125 2420 2-3).

455 2445 519 2514 29.
550 2437 630 2514 Sive
659 2451 777 2516 autem
807 2436 852 2515 ad
880 2437 1118 2532 domicilium,
1150 2463 1261 2516 unum
1300 2436 1356 2514 rel
1385 2434 1532 2539 duplex,

375 2562 450 2638 siue
479 2559 521 2637 ad
551 2559 888 2664 quasi-domicilium
921 2560 1223 2654 constituendum,
1257 2557 1329 2638 duo
1357 2559 1446 2636 haec
1473 2581 1536 2634 ne-

374 2685 529 2762 cessario
556 2686 789 2787 requiruntur
816 2683 1029 2788 copulative,
1049 2685 1187 2789 scotum
1207 2683 1373 2761 nimirum
1394 2707 1458 2760 seu
1478 2706 1536 2758 ac·

374 2805 483 2884 tualis
511 2805 700 2900 habitatio,
731 2819 767 2885 ct
795 2808 899 2885 simul
927 2811 1067 2887 artimus
1089 2807 1136 2886 ibi
1162 2806 1395 2912 persistendi3
1427 2805 1477 2884 ita
1497 2815 1537 2882 ut

374 2928 441 3008 hoc
468 2930 542 3008 solo
570 2927 770 3024 deficiente,
806 2944 994 3010 censeatur
1025 2931 1168 3036 quidem
1200 2931 1282 3035 quis
1310 2929 1443 3008 habore
1471 2929 1538 3006 ha-

374 3051 600 3149 bitationem,
631 3053 692 3132 sed
721 3077 793 3132 non
821 3053 1051 3150 domicilium,
1083 3055 1165 3134 licet
1194 3055 1243 3132 ibi
1271 3053 1352 3158 quis
1372 3079 1438 3158 per
1452 3052 1537 3158 ple-

375 3177 483 3254 rimos
511 3203 622 3255 eureos
646 3189 857 3282 perseveret.
888 3183 943 3257 lta
976 3191 1055 3282 post
1093 3179 1250 3256 Sanchez
1286 3177 1366 3281 (cit.
1398 3176 1462 3288 lib.
1495 3185 1532 3256 3.

374 3301 467 3408 disp.
500 3313 564 3382 aa.
596 3329 633 3380 1.
666 3303 724 3405 a),
753 3303 899 3408 nithing
928 3301 1009 3407 (tit.
1034 3302 1146 3382 1111.
1178 3313 1238 3382 11.
1261 3328 1298 3380 a.
1331 3302 1413 3405 aa),
1445 3305 1538 3378 neu·

374 3427 497 3506 renius
532 3426 612 3530 (lib.
653 3435 690 3505 ἓ.
723 3426 780 3504 tit.
814 3437 850 3506 ἓ.
891 3439 1027 3533 quaest.
1069 3437 1136 3522 723
1167 3438 1200 3504 et
1227 3425 1288 3504 lib.
1324 3436 1359 3504 l.
1391 3427 1533 3504 ticet.

374 3565 511 3659 quaest.
545 3552 651 3656 568).
683 3551 859 3630 Probatur
887 3578 930 3630 cx
959 3551 985 3629 l.
1016 3549 1172 3630 dooricil.
1206 3557 1245 3630 C.
1276 3564 1311 3628 et
1329 3549 1370 3656 ff
1392 3549 1440 3628 od
1458 3575 1537 3626 mu-

374 3675 523 3782 nicipel.
543 3707 561 3749 1
581 3675 630 3754 ibi
648 3706 665 3750 ›
684 3675 911 3755 Dorticiliuot
930 3689 1015 3754 rect
1032 3678 1129 3780 [octo
1158 3677 1390 3781 transfertur.
1410 3679 1537 3754 Iuncta

374 3803 482 3906 gloss.
513 3799 613 3879 verb.
650 3797 808 3878 domicil.
849 3800 914 3876 ubi
942 3800 1078 3904 inquit:
1110 3807 1218 3878 Forte
1249 3798 1475 3904 subintellipe
1506 3810 1539 3878 et

373 3927 512 4004 ocimo:
542 3949 624 4002 aare
652 3923 735 4001 hoec
762 3922 832 4000 duo
859 3933 942 4000 sont
957 3922 1167 4000 necessaria.
1191 3927 1422 4017 Econrerso,
1445 3923 1539 4000 sicut

372 4049 515 4130 nonnisi
544 4049 660 4126 animo
679 4059 715 4126 et
735 4045 826 4125 lacto
845 4045 1069 4125 contrabitur
1089 4045 1327 4142 domicilium;
1350 4045 1399 4123 ita
1417 4047 1538 4123 animo

373 4188 409 4254 et
435 4173 533 4278 [ceto
560 4197 649 4278 opus
676 4183 730 4250 est
758 4184 799 4250 ut
826 4169 1065 4250 transferatur
1093 4184 1129 4249 et
1156 4169 1386 4274 deperdatur.
1419 4173 1537 4259 Quare

373 4299 458 4378 licet
471 4298 553 4403 quis
568 4297 724 4375 animum
744 4307 842 4396 gerat
859 4294 1020 4373 mutandi
1041 4293 1272 4388 domicilium,
1297 4291 1361 4370 sod
1380 4291 1425 4371 de
1444 4291 1539 4372 lacto
