3402 5292
688 483 727 496 -
749 452 807 510 :no
830 481 866 494 -

189 565 275 668 quia
296 565 447 644 actualis
467 590 555 643 usus
575 565 789 644 matrimonii
806 565 850 643 ad
871 567 948 642 eius
968 563 1161 641 essentiam
1190 588 1261 639 non
1280 587 1363 666 per·

188 689 293 782 tinet,
331 704 367 768 et
394 690 542 783 sufficit,
583 705 625 769 nt
652 692 909 769 consummatio
948 687 1000 764 uel
1041 687 1148 765 luerit
1181 687 1361 791 possibilis

187 827 350 918 temporo
380 827 600 908 contractus,
624 815 678 892 vol
700 814 881 920 possibilis
902 812 1023 890 lutura
1043 813 1104 890 sit.
1129 816 1250 890 Potest
1269 814 1362 889 onim

189 939 251 1042 qui
281 942 318 1015 in
348 939 528 1042 praesenti
548 937 717 1016 soluendo
746 951 901 1031 nonest,
921 935 963 1014 ad
985 935 1194 1014 solvendum
1215 961 1252 1013 se
1273 935 1364 1014 obli-

189 1087 287 1164 gare,
318 1063 349 1138 si
378 1087 459 1166 spes
486 1063 532 1140 sit
562 1061 634 1141 lore
663 1063 822 1142 loturum
855 1061 1039 1168 solvendo.
1082 1059 1161 1160 (Clu
1189 1060 1362 1156 Sancbez,

189 1185 231 1263 de
260 1187 424 1264 metriae.
457 1200 542 1264 tom.
576 1198 614 1280 2,
647 1188 710 1266 lib.
736 1198 773 1280 7,
791 1188 928 1293 disput.
951 1195 1016 1266 98.
1039 1233 1063 1248 -
1084 1187 1245 1288 Pirbing,
1270 1193 1365 1266 Leu-

192 1310 347 1402 renium,
380 1311 539 1416 aliosque
568 1312 604 1388 in
633 1313 697 1390 lib.
741 1321 777 1389 l.
810 1295 949 1391 [lomet.
984 1314 1040 1391 tit.
1084 1321 1132 1391 15
1162 1311 1203 1390 de
1230 1312 1358 1418 sripc'd.

187 1446 223 1512 et
248 1435 371 1540 moles.
403 1435 511 1540 οἱα).

231 1717 259 1804 tl
285 1717 334 1791 bx
356 1719 442 1792 uotis
466 1719 659 1808 ostenditur,
683 1719 790 1792 uiuum
811 1719 961 1793 laborare
984 1719 1179 1810 impotentia
1213 1689 1364 1794 absoluta

278 1827 483 1900 antecedenti
506 1829 542 1902 et
569 1830 735 1918 perpetue,
766 1828 847 1921 quod
877 1826 1032 1902 cmuuiou
1061 1827 1097 1900 et
1125 1826 1363 1921 melico-legali

279 1934 535 2026 iuriuprurleutiu
558 1933 780 2007 confirmetur.

274 2192 336 2261 17.
368 2182 476 2286 Atqui
506 2183 610 2260 Caius
639 2197 831 2286 antequam
860 2181 1123 2260 matrimonium
1146 2180 1252 2258 iniret
1280 2205 1359 2258 oum

189 2305 306 2398 lulia,
339 2308 408 2384 iam
439 2304 626 2383 laborabat
659 2305 868 2410 impotentia
905 2303 1055 2384 coeundi
1085 2303 1264 2397 absoluta,
1295 2329 1362 2381 na-

190 2426 314 2520 turali,
346 2451 390 2504 er
419 2425 505 2504 uitio
535 2451 663 2530 nempe
693 2425 898 2528 frigiditatis
919 2426 1125 2518 intrinsece,
1153 2425 1288 2504 scilicet
1309 2427 1362 2503 la-

189 2549 341 2630 borabat
360 2551 570 2655 impotentia
590 2550 755 2629 absoluta
776 2551 995 2628 antecedenti
1014 2561 1049 2628 et
1060 2561 1247 2656 perpetue.
1270 2553 1361 2628 Con-

191 2675 357 2753 sulantnr
385 2676 529 2752 testium
559 2673 816 2778 depositiones,
834 2689 870 2753 et
890 2675 934 2753 de
954 2675 998 2752 iis
1026 2677 1255 2779 impotentiae
1275 2675 1361 2753 cha-

189 2798 388 2878 racteribus
417 2798 520 2904 pleno
549 2799 741 2876 constabit.
774 2802 824 2876 De
852 2799 1071 2906 antecedenti
1098 2799 1273 2906 siquidem
1295 2801 1361 2877 im-

189 2924 349 3028 potentia
371 2923 611 3002 constabiles
632 2922 736 3001 lactis
756 2949 849 3028 quae
864 2938 1034 3002 enarrant
1054 2937 1182 3018 testes3
1201 2923 1358 3002 eiusdem

191 3062 310 3126 autem
337 3047 557 3152 perpetuitas
578 3062 674 3127 certo
690 3073 732 3126 ae
751 3064 829 3127 tuto
849 3049 950 3150 argui
970 3049 1102 3152 poterit
1117 3073 1160 3125 eu
1175 3046 1361 3125 elementis

190 3196 283 3276 quae
312 3173 417 3250 iidem
438 3187 549 3252 testes
569 3171 740 3252 exhibent
760 3177 797 3250 in
817 3173 892 3250 suis
912 3171 1209 3277 depositionibus,
1227 3171 1360 3275 quibus

191 3293 270 3372 uitii
299 3307 428 3373 natura
457 3296 687 3400 perspicitur.
1465 3398 1468 3404 Ι

273 3429 334 3498 18.
369 3422 489 3499 lletuli
519 3425 588 3500 iam
618 3422 673 3527 (a.
709 3423 766 3522 l.)
795 3421 1052 3528 depositionem
1082 3421 1209 3498 lullae.
1234 3423 1285 3498 Eu
1306 3434 1360 3498 te·

190 3541 297 3620 stium
325 3567 430 3647 porro
459 3543 587 3622 iuratis
616 3545 902 3650 depositionibus
922 3543 1099 3646 colligitur
1127 3541 1222 3647 quod
1253 3543 1354 3638 haee,

193 3665 315 3771 plures
343 3691 407 3772 per
448 3693 561 3746 annos
604 3669 639 3747 in
678 3671 736 3776 pio
780 3669 959 3748 asceterio
1004 3669 1185 3762 educata,
1227 3683 1262 3747 et
1305 3669 1361 3746 in·

189 3790 305 3869 dolem
321 3806 425 3871 nacta
441 3819 602 3891 suavem,
622 3794 812 3899 placidam,
831 3795 1005 3890 timidam,
1020 3794 1185 3872 omnibus
1204 3819 1355 3890 moram,

192 3913 276 3992 lidei
306 3939 347 3992 ac
367 3917 548 4018 religionis
569 3919 764 3998 virtutibus
784 3920 980 4024 praestitit.
1003 3923 1100 3996 Haeo
1119 3918 1241 4022 itaque
1257 3943 1357 3995 suam

192 4039 395 4118 iudicialem
424 4039 682 4146 depositionem
702 4043 893 4122 iuramenti
913 4043 1085 4146 religione
1123 4043 1231 4121 seunel
1247 4057 1356 4147 atque

191 4167 321 4245 iterum
337 4165 472 4272 absquo
488 4167 561 4246 ulla
581 4169 688 4246 aninui
708 4168 943 4250 haesitatione
961 4168 1090 4246 firmat.
1105 4172 1146 4246 ln
1161 4193 1203 4246 ea
1220 4181 1353 4264 autem,

189 4287 354 4395 pluribus
375 4293 658 4395 interrogatoriis
674 4293 878 4398 propositis,
897 4306 1104 4371 constanter
1124 4293 1360 4397 asseritquod

190 4413 228 4492 iu
256 4415 423 4520 precibus
451 4429 487 4494 et
515 4417 552 4494 in
586 4415 707 4494 libello
735 4429 963 4521 exposuerat,
996 4441 1034 4495 se
1064 4417 1229 4496 nimirum
1259 4443 1354 4496 nun-
