1035 1506
515 199 533 202 —
545 191 575 206 318
586 199 604 202 —

265 226 303 239 ram
317 226 338 239 ac
352 220 448 246 perfectam
465 220 555 246 copulam,
575 226 607 239 sou
622 219 726 246 impotentia
745 218 851 246 penetrandi

266 258 297 271 vas
312 250 415 274 femineum,
431 251 532 277 ibidemque
547 251 650 271 effundendi
661 257 721 271 semen
729 250 751 270 de
761 257 780 270 se
790 254 851 277 aptum

265 282 384 308 generationi,
400 282 437 301 sive
452 282 534 301 absoluta
549 282 586 301 sive
601 282 675 302 relativa
690 282 720 305 sitv
729 282 767 301 sive
777 285 852 308 natura-

265 313 287 332 lis
297 313 334 332 sive
344 312 466 336 accidentalis,
477 312 573 332 dummodo
582 313 606 332 sit
615 312 717 332 antecedens
727 319 748 332 ac
755 316 850 339 perpetua,

265 343 397 363 matrimonium
416 343 517 363 invalidum
536 344 595 363 reddit
611 343 633 363 de
653 343 692 363 iure
711 347 749 363 tum
764 343 849 366 naturali,

266 378 303 394 tum
318 374 444 394 ecclesiastico.
458 382 467 393 ›
478 376 519 394 Iure
529 374 601 401 quidem
611 374 734 394 ecclesiastico.
750 374 796 393 Huic
804 374 851 393 enim

266 405 312 425 thesi
326 405 435 431 suffragatur
453 406 522 432 integer
538 406 602 426 titulus
616 405 637 425 de
652 405 725 432 [rigidis
741 408 758 425 el
774 404 849 431 malefic.

265 440 282 457 et
295 437 400 464 impotentia
414 437 496 459 coeundi,
510 437 541 457 lib.
559 440 577 457 4.
586 437 675 457 DecretaI.
686 437 715 456 Sic
724 441 745 457 ut
759 443 814 456 unum
824 436 852 455 af-

266 468 330 492 feram,
346 475 386 495 cap.
402 469 449 495 qnod
462 469 519 488 sedem
534 471 553 492 Ξ,
569 469 600 489 cit.
616 468 646 488 tit.
667 468 780 488 decernitur:
801 467 852 487 Sicut

263 506 317 526 puer,
332 499 363 526 qui
377 506 411 519 non
423 503 480 526 potes-t
490 500 563 519 reddere
571 500 658 522 debitum,
668 506 703 519 non
712 503 738 519 att
747 503 800 526 aptus
810 506 852 519 cim-

264 532 320 557 iuyio,
329 531 355 551 sic
362 532 393 557 qui
402 531 504 558 impotentes
512 534 561 553 sunt,
570 531 642 551 minime
649 531 689 558 apli
698 531 721 550 ad
729 531 850 551 contrahenda

265 562 382 582 matrimonia
396 565 511 588 reputantur.
527 562 639 588 Suffragatur
653 564 712 582 Motus
726 562 809 588 proprius
823 562 851 581 Si-

265 593 291 613 xti
307 594 327 616 Vv
343 593 374 619 qui
388 593 462 619 incipit:
479 594 523 613 Cum
537 593 646 619 frequenter,
657 593 716 613 editus
730 593 759 612 die
774 595 797 612 27
808 592 849 612 maii

267 626 328 648 1587;
346 624 468 649 suffragantur
484 624 625 643 Constitutiones
641 624 749 650 apostolicae
768 623 819 643 Sedis
832 626 850 642 et

265 658 350 674 constans
364 655 453 674 Ecclesiae
467 655 528 681 praxis
542 655 560 674 in
571 655 672 674 huiusmodi
682 654 742 675 causis
751 658 769 674 et
778 654 849 673 iudiciis

264 686 387 712 gubernandis
401 692 422 705 ac
435 686 560 705 decernendis.
569 697 582 701 -
589 687 630 705 Iure
640 686 714 712 insuper
724 685 812 705 naturali.
824 686 849 705 De

265 717 362 737 intrinseca
379 717 426 736 enim
441 717 510 736 ratione
520 720 538 736 et
545 717 623 736 essentia
637 716 744 736 matrimonii
758 720 792 740 est,
804 716 850 736 obli-

265 748 313 774 gatio
327 751 346 767 et
359 747 433 767 traditio
446 754 540 774 corporum
554 747 577 767 ad
594 754 646 767 usum
660 751 678 767 et
691 748 773 774 copulam
787 748 850 767 eoniu-

265 779 331 806 galem3
347 782 366 798 at
379 779 395 798 is
408 779 439 805 qui
447 782 534 805 perpetuo
543 779 581 798 sivo
591 779 673 799 absolute
682 779 720 798 sive
730 779 804 798 relative
814 778 848 798 iarn

264 809 353 835 impotens
366 813 401 833 est,
417 809 480 835 nequit
494 809 600 836 profectose
610 809 689 835 obligare
699 809 721 829 ad
732 809 810 829 dandum
821 809 849 829 vel

264 840 371 860 tradendum
388 847 452 866 corpus
466 847 519 860 suum
538 840 560 860 ad
574 841 655 867 copulam
674 840 793 866 coniugalem,
808 846 848 860 oum

265 871 400 898 impossibilium
415 872 464 891 nulla
478 872 502 891 sit
515 869 602 897 obligatio
616 872 719 898 (Reg.185
734 872 752 891 ff.
764 871 786 891 de
801 873 846 898 Reg.

265 902 313 928 Iun)
327 906 346 922 et
359 908 411 922 nemo
426 902 495 922 tradere
510 903 566 929 possit
575 906 681 929 potestatem
691 904 724 926 rei,
735 910 789 929 quam
799 903 849 923 nullo

266 933 317 953 modo
331 933 386 953 habet
400 934 435 960 (Ex
445 934 531 959 Rngur.
544 936 568 954 79
579 934 597 953 in
612 935 639 959 6).
651 934 722 954 Scilicet
739 940 794 960 quum
805 940 846 953 vera

265 967 283 983 et
297 964 375 990 perfecta
389 964 453 990 copula
467 968 495 984 est
508 964 631 990 impossibilis,
647 965 735 984 obiectum
745 968 848 985 contractus

264 995 400 1015 matrimonialis
414 1001 449 1014 non
463 995 532 1018 existit,
547 999 566 1015 et
580 999 710 1022 consequenter
725 996 762 1022 ipse
776 999 848 1016 contra—

263 1029 303 1046 ctus
316 1032 338 1045 ex
353 1029 417 1045 natura
432 1025 457 1045 rei
471 1029 499 1045 est
514 1026 639 1052 impossibilis;
651 1027 727 1053 ideoque
742 1027 780 1046 iure
794 1030 861 1054 natu-v

263 1057 295 1076 rali
310 1056 379 1076 nullum
394 1060 447 1083 atque
462 1057 532 1077 irritum
547 1061 575 1077 est
592 1058 725 1077 matrimonium
740 1058 784 1077 illud
798 1057 846 1084 quod

270 1094 302 1107 >um
317 1087 409 1114 praedicta
416 1088 530 1108 antecedenti
542 1095 563 1108 ac
572 1092 658 1115 perpetua
668 1089 772 1115 impotentia
783 1089 847 1109 initum

271 1118 304 1138 uit.
316 1129 328 1133 -
338 1119 392 1138 Secus
407 1125 448 1138 vero
462 1119 556 1139 dicendum
571 1123 606 1143 est,
621 1120 636 1139 si
651 1120 755 1146 impotentia
769 1120 793 1140 sit
807 1126 848 1140 con-

270 1156 343 1175 zequen&
358 1150 385 1169 vel
400 1150 415 1170 si
429 1150 537 1170 antecedens
551 1150 623 1177 quidem
637 1151 668 1174 sit,
686 1151 717 1170 sed
736 1151 846 1177 temporalis.

270 1181 297 1200 ἕω·
312 1181 344 1201 has
359 1181 405 1201 enirn
420 1181 534 1207 impotentias
550 1181 682 1201 matrimonium
699 1188 734 1201 non
748 1182 846 1206 dirimitur,
