3424 5300
660 473 694 484 -
719 439 775 502 139
795 470 833 485 -

159 571 283 650 tritum
312 569 401 649 illud
436 593 597 648 sermone
630 567 877 674 proverbium:
918 563 1168 644 Testimonium
1201 560 1323 647 unius,

159 693 398 778 testimonium
426 691 576 772 nuttios.
599 693 720 771 -Dixi
748 689 978 798 repuleriter,
998 686 1174 794 quaedam
1192 688 1345 791 quippe.

158 819 389 900 limitationes
416 817 492 897 lieri
516 817 667 914 debent,
698 843 791 923 quae
820 845 840 897 a
868 821 942 895 lto.
974 815 1107 922 passim
1137 833 1327 893 reeensen-

160 941 329 1046 tm(1);
360 943 410 1020 ita
439 955 480 1020 ut
517 939 710 1045 aliquando
738 963 833 1018 uuus
860 939 963 1017 testis
996 937 1090 1014 omni
1118 931 1326 1040 exeeptione

158 1065 271 1144 maior
298 1065 530 1172 semiplenam
549 1063 719 1171 praebeat
745 1063 991 1170 probationem
1010 1075 1047 1142 et
1065 1058 1328 1168 praesumptio·

159 1215 255 1286 nem,
277 1216 370 1296 quae
389 1193 479 1270 satis
505 1191 568 1286 sit,
591 1205 632 1272 ut
658 1190 860 1298 specialiter
881 1187 1103 1295 inquiratur;
1124 1189 1195 1264 imo
1212 1185 1252 1262 in
1277 1185 1328 1262 ei·

159 1314 292 1394 vilibus
306 1314 520 1420 quandoque
535 1315 643 1394 etiam
662 1315 803 1422 plenam
823 1313 927 1394 affert
943 1311 1189 1419 probationem
1209 1307 1225 1414 (
1254 1307 1284 1414 ).
1300 1351 1323 1367 -

160 1443 290 1545 Itaque
319 1453 426 1545 prout
452 1441 490 1518 in
505 1442 651 1536 eeteris,
674 1441 725 1520 ita
744 1441 834 1520 etin
854 1439 972 1520 oausis
989 1433 1326 1528 matrimonialium,

162 1564 208 1642 ad
235 1565 482 1668 quaestionem
501 1565 658 1644 aerusati
678 1565 893 1644 matrimonii
912 1564 1113 1644 sententiae
1132 1560 1329 1667 prolatione

163 1685 412 1784 dirimendam,
435 1689 618 1768 ordinarie
635 1715 699 1768 seu
718 1688 935 1794 mquloriter
953 1687 1187 1793 requiruntur
1205 1701 1242 1766 et
1253 1684 1332 1764 eul-

162 1809 287 1892 sreirut
312 1811 387 1892 duo
417 1826 527 1893 testes
561 1814 656 1892 omni
690 1813 900 1919 exeeptione
932 1811 1096 1892 maiores.
1133 1809 1247 1916 quue
1273 1822 1331 1888 est

162 1935 256 2014 iuris
283 1937 462 2040 penteone:
490 1963 562 2017 non
588 1962 631 2018 eo
659 1961 767 2017 sensu
793 1935 891 2042 qnod
918 1937 976 2016 ius
1004 1935 1162 2039 gentium
1193 1933 1333 2040 praeei-

164 2063 257 2167 piat,
279 2075 321 2140 ut
338 2062 384 2140 ad
402 2087 547 2144 oausam
564 2061 764 2167 quamlibet
781 2061 1043 2142 terminandam
1060 2059 1133 2138 duo
1152 2059 1332 2138 sufficiant

165 2199 293 2280 testes,
320 2185 388 2264 sod
415 2187 501 2294 quia
529 2212 600 2266 nou
626 2188 748 2294 plures
776 2185 940 2292 requirit,
972 2185 1073 2263 iuxta
1102 2179 1233 2262 Christi
1253 2207 1335 2260 ora-

164 2310 306 2390 eulum:
337 2317 379 2387 tn
405 2336 466 2390 ore
491 2309 645 2392 duorum
673 2310 728 2391 ool
746 2312 859 2391 trium
877 2311 1020 2390 ostem
1048 2319 1122 2388 stet
1139 2333 1240 2388 mnne
1253 2333 1334 2388 uer-

167 2435 252 2516 ltum
280 2436 353 2540 (3).

250 2571 312 2642 ll.
342 2567 395 2640 De
422 2559 461 2638 oi
483 2559 661 2666 prodendi
684 2585 750 2668 por
777 2571 877 2640 testes
892 2558 1118 2638 dietmarum
1145 2555 1328 2638 desolent.

246 2689 293 2763 tt
328 2709 400 2766 uon
438 2711 558 2764 omnes
592 2697 717 2780 testes,
755 2709 973 2790 quamquam
1009 2682 1143 2778 idonei,
1183 2681 1333 2761 eandem

167 2807 344 2915 probandi
372 2811 444 2888 vim
471 2809 621 2890 habent.
657 2809 724 2888 tlii
756 2809 934 2914 siquidem
965 2809 1135 2888 dieuntur
1162 2817 1264 2885 testes
1290 2805 1334 2885 de

167 2932 332 3019 scientio,
350 2935 414 3038 qui
434 2959 561 3039 nempe
581 2934 780 3040 deponunt,
806 2959 846 3013 se
877 2935 967 3012 seim
986 2955 1061 3012 rem
1080 2945 1216 3036 gestam
1235 2953 1330 3027 esse,

168 3081 211 3136 eo
237 3055 334 3162 quod
362 3058 505 3162 proprio
533 3081 656 3153 sensu,
687 3083 721 3138 e.
745 3083 779 3161 g.
802 3059 882 3136 visu
902 3057 957 3136 rel
977 3055 1104 3136 auditu
1133 3055 1337 3162 deprehen-

170 3180 289 3260 derint
317 3205 359 3260 ea
387 3205 480 3286 quae
515 3181 753 3262 testificantur
781 3183 864 3286 (t);
887 3183 991 3261 -alii
1025 3195 1198 3261 voeantur
1236 3193 1337 3262 testes

169 3305 212 3386 de
239 3303 465 3392 credulitate,
495 3319 531 3386 et
558 3319 643 3386 sunt
670 3306 733 3412 qui
761 3306 870 3384 iurati
898 3304 1097 3412 deponunt,
1119 3332 1154 3385 se
1181 3305 1337 3393 eredere,

171 3431 323 3512 remita
350 3455 388 3510 se
416 3429 564 3526 habere,
595 3455 659 3510 seu
686 3431 748 3536 qui
777 3429 913 3535 aliquid
942 3431 1128 3536 deponunt
1156 3431 1338 3510 affirman-

170 3569 238 3651 tes,
270 3579 307 3634 se
335 3553 372 3632 id
400 3579 444 3632 ex
464 3554 835 3651 oonieeturiseruere;
853 3554 953 3633 -alii
974 3569 1059 3634 sunt
1078 3566 1179 3634 testes
1208 3554 1250 3634 de
1269 3581 1339 3634 oe-

172 3675 251 3756 ditu
279 3673 410 3762 alieno,
439 3677 501 3781 qui
529 3701 655 3782 nempe
683 3689 877 3772 testantur,
909 3701 947 3756 se
976 3675 1012 3756 id
1041 3705 1061 3756 a
1089 3677 1251 3782 personis
1269 3674 1339 3754 fide

172 3795 290 3901 dignis
318 3797 521 3897 audivisse;
544 3799 649 3878 -alii
679 3813 764 3880 sunt
793 3812 893 3880 testes
927 3800 969 3878 de
1004 3801 1122 3906 semo,
1150 3801 1213 3907 qui
1242 3800 1341 3879 affir-

173 3925 1112 4032 mmmwmfflmmwm.

247 4185 284 4258 (1)
304 4183 374 4243 Vide
393 4181 567 4244 Leureninm
587 4183 607 4242 t.
627 4199 651 4241 e.
671 4187 785 4256 quaet.
806 4187 869 4240 599.
888 4197 940 4240 nn.
960 4187 1023 4241 t-e.

247 4274 286 4346 (tl
307 4277 429 4332 Leuren.
449 4273 523 4332 ibid.
543 4279 654 4346 quaest.
674 4277 737 4330 6⁰0.

247 4361 283 4437 (3)
304 4363 402 4422 ltatth.
422 4377 485 4435 top.
507 4367 551 4420 tn.
571 4375 599 4420 o.
620 4366 664 4417 ts.

248 4450 286 4524 (4)
307 4452 426 4524 Pirlring
444 4451 496 4510 lto.
516 4455 543 4510 t.
564 4451 611 4510 te't.
632 4455 677 4510 tt.
696 4465 728 4506 n.
750 4450 811 4504 tte.
