3456 5300
708 495 864 560 -91-

205 629 278 709 tiae
306 629 380 736 (1),
411 639 447 708 et
474 629 621 732 insuper
657 625 705 706 sit
740 623 913 706 eiusmodi
941 637 1128 732 provectae
1156 627 1299 720 aetatis,
1331 639 1375 706 nt

205 753 284 832 sine
312 751 592 832 incontinentiae
611 751 812 857 suspicione
832 761 867 830 et
886 749 1061 856 probabili
1076 749 1234 856 periculo
1253 750 1373 830 valeat

203 877 242 956 in
270 875 390 956 seculo
417 897 575 954 manere.
607 875 664 952 Sic
691 874 786 952 enim
813 873 1043 980 prosequitur
1057 871 1258 950 Alexander
1277 876 1373 950 Pon-

201 998 290 1078 tilex
318 999 356 1076 in
384 997 579 1104 praecitato
616 995 786 1075 decretali
815 995 898 1102 (2):
930 995 1014 1074 lade
1046 1005 1097 1075 est
1129 993 1222 1100 qood
1249 1006 1376 1073 aucto-

203 1121 313 1202 ritate
341 1120 534 1230 apostolica
557 1120 798 1228 prohibemns,
827 1145 870 1200 mc
883 1120 923 1198 io
940 1107 1142 1226 episcopatu
1172 1130 1232 1198 tao
1249 1109 1370 1198 ciram

200 1245 259 1326 uel
277 1271 440 1334 exorere,
460 1245 532 1325 m'si
549 1257 696 1352 aterque
713 1245 761 1324 ad
779 1244 983 1350 relipioaem
1010 1242 1237 1349 mipraucm't,
1267 1254 1373 1322 traa-

202 1371 276 1450 sire
299 1371 502 1478 permittas.
540 1377 665 1450 Veram
694 1371 725 1449 si
752 1371 806 1450 ita
834 1397 926 1450 acor
953 1396 1057 1450 scaea
1085 1379 1192 1449 estet
1219 1367 1372 1456 sterilis,

202 1494 298 1601 qaod
334 1494 410 1576 siae
446 1492 642 1600 suspicione
664 1493 778 1600 possit
805 1521 876 1575 esse
903 1495 942 1573 io
979 1493 1108 1582 seculo,
1141 1491 1374 1574 dissimulare

194 1617 347 1723 pateris,
376 1629 416 1696 at
443 1643 485 1698 ea
515 1617 554 1696 ia
591 1617 705 1696 seculo
742 1631 959 1707 remanente,
988 1631 1021 1699 et
1052 1617 1253 1698 castitatem
1283 1642 1373 1722 pro-

199 1741 377 1830 mitteate,
406 1742 454 1822 acl
481 1741 686 1848 relipioaem
717 1754 877 1822 trauseat
904 1742 962 1821 cir
990 1741 1143 1824 eiusdem
1172 1743 1244 1848 (3).

283 1874 347 1946 16.
378 1866 479 1956 Quod
507 1868 537 1945 si
557 1889 600 1944 ex
620 1879 723 1971 parte
742 1868 902 1969 coniugis
921 1865 1043 1947 dantis
1060 1867 1239 1946 licentiam
1254 1865 1368 1971 prima

204 1989 260 2068 vel
276 1989 390 2069 altera
405 2015 584 2068 sacrorum
599 2015 774 2068 canonum
794 1991 1013 2097 praescripta
1027 1990 1185 2070 conditio
1203 2015 1275 2068 non
1290 2015 1371 2069 ser-

201 2123 320 2208 vetur,
352 2137 422 2191 non
450 2112 533 2192 inde
560 2126 680 2191 tamen
708 2115 885 2218 sequitur,
907 2111 1002 2219 quod
1027 2114 1176 2193 alterins
1206 2115 1369 2216 coniugis

75 2283 82 2308 .
200 2233 374 2340 professio
401 2235 449 2315 sit
476 2235 575 2314 nulla
604 2235 677 2342 (l).
708 2241 873 2315 Attamen
901 2241 931 2316 si
959 2237 1018 2316 ille
1049 2251 1239 2343 postquam
1267 2236 1370 2316 dedit

200 2357 381 2438 licentiam
409 2383 525 2464 neque
548 2358 728 2464 profiteri,
757 2385 873 2466 neque
896 2385 1021 2441 cauere
1048 2362 1148 2457 velit,
1170 2361 1369 2467 Episcopus

201 2479 310 2562 debet
337 2482 536 2589 professum
563 2483 666 2562 alteri
686 2485 827 2588 coniugi
847 2509 1012 2565 revocare
1031 2487 1132 2565 iusta
1152 2486 1365 2566 decretalem

201 2606 361 2686 eiusdem
390 2607 588 2687 Pontificis:
621 2607 796 2696 Dicimus,
824 2609 917 2714 quod
944 2609 1015 2688 aisi
1033 2635 1126 2688 caer
1149 2609 1197 2688 ad
1223 2609 1371 2715 relipio-

200 2754 280 2813 meta
309 2731 510 2819 transierit,
539 2744 604 2811 aut
627 2746 797 2838 perpetua
824 2733 1023 2814 castitatem
1062 2760 1205 2814 screare
1228 2733 1380 2841 prami'

199 2857 303 2944 serit,
332 2855 390 2938 cir
413 2867 528 2962 potest
556 2867 589 2936 et
615 2856 713 2936 aeta
739 2857 782 2936 de
808 2857 1021 2937 manasterio
1052 2857 1214 2938 reuocari
1240 2859 1314 2964 (5).
1340 2901 1367 2918 ·

201 2981 238 3060 si
266 2993 386 3060 autem
414 2991 495 3084 post
523 2979 616 3058 hanc
629 2980 889 3060 revocationem
906 3006 995 3059 usar
1013 2981 1069 3060 vel
1089 2995 1209 3060 votnm
1226 2980 1367 3094 emittat

199 3105 256 3185 uel
284 3103 495 3210 profiteatur
522 3117 586 3184 aut
613 3105 798 3199 moriatur,
830 3102 1010 3210 professus
1035 3103 1083 3182 ad
1110 3105 1364 3184 monasterinm

200 3227 317 3308 redire
345 3225 466 3308 debet.
497 3229 584 3306 llius
611 3229 705 3307 enirn
733 3228 906 3334 prolessio
931 3227 1001 3309 luit
1027 3229 1160 3325 valida,
1191 3241 1227 3309 et
1255 3227 1368 3308 huius

200 3353 381 3441 duntaxat
416 3351 579 3431 executio
612 3351 657 3430 ab
689 3352 837 3432 alterius
873 3355 1034 3457 coniugis
1069 3353 1367 3434 incontinentiam

200 3480 269 3562 luit
296 3503 470 3584 suspensa
498 3477 514 3584 (
542 3477 572 3583 ).

272 3708 310 3784 (1)
329 3712 391 3768 Hoc
406 3713 505 3770 votnm
525 3715 621 3768 tamen
649 3723 707 3768 non
727 3716 770 3768 est
788 3711 925 3778 solemne,
944 3725 1011 3770 cnm
1029 3725 1088 3770 non
1112 3711 1193 3770 aliud
1210 3712 1295 3770 detur
1319 3724 1363 3768 so

200 3801 295 3858 temne
313 3805 422 3867 votum,
445 3798 661 3856 matrimonium
681 3798 832 3866 dirimens,
852 3813 939 3871 quarn
958 3799 1034 3871 quod
1049 3808 1093 3858 est
1105 3815 1185 3858 sacro
1204 3799 1299 3858 ordini
1315 3798 1364 3858 vel

200 3888 326 3961 mactari
348 3887 515 3959 protessioni
535 3901 694 3945 annexum.
713 3890 842 3960 castrop.
863 3888 966 3946 sanch.
987 3889 1104 3946 Guttier.
1124 3891 1205 3948 Pont.

270 3974 308 4046 (2)
327 3975 380 4034 Cit.
400 3989 463 4046 cap.
482 3989 551 4032 cam
567 3973 609 4032 aia
627 3979 652 4032 t.
669 3975 702 4032 de
719 3991 846 4034 concers.
866 3977 1016 4048 emineat.

269 4063 307 4136 (3)
327 4065 402 4120 llaec
419 4063 626 4121 confirmantur
646 4065 675 4120 tn
694 4053 937 4136 subseqnentibus
956 4065 1157 4136 decretalibus,
1172 4065 1280 4125 scilicet
1297 4081 1362 4140 cap.

199 4155 348 4206 accretas
366 4153 392 4204 8.
414 4163 476 4219 cap.
506 4147 547 4206 ad
570 4147 760 4220 apostoticam
789 4155 832 4207 ts.
853 4165 915 4221 cap.
942 4149 1124 4223 sipaifieam't
1149 4158 1192 4209 ta.
1213 4153 1308 4212 eodan
1322 4155 1358 4212 tt·

198 4235 271 4294 tulo.
290 4267 325 4278 -
343 4235 391 4294 Clr
414 4235 554 4296 te'oediet.
578 4238 639 4294 xlv
665 4237 833 4310 despectio
851 4237 903 4296 tto.
928 4243 968 4296 ta.
987 4255 1051 4312 cap.
1074 4245 1117 4298 m.
1145 4257 1197 4298 aa.
1224 4235 1363 4302 9-t0-tt.
1437 4249 1440 4256 '

267 4321 304 4398 (4)
325 4323 394 4383 Vide
411 4332 579 4397 argumenta
599 4323 675 4396 apud
696 4327 821 4384 sanchea
842 4323 894 4384 lta.
915 4329 941 4384 7.
962 4327 1038 4400 disp.
1057 4333 1094 4386 tt
1112 4323 1127 4386 a
1146 4345 1176 4388 a.
1196 4335 1224 4388 2.

269 4415 306 4486 (5)
324 4415 392 4485 cap.
413 4419 439 4470 t.
459 4413 493 4471 de
509 4428 635 4472 comam.
655 4417 807 4487 watuyat.

270 4499 307 4572 (6)
326 4499 452 4557 &nanee
472 4498 493 4556 l.
512 4513 537 4556 e.
557 4507 669 4558 etcum
690 4513 724 4558 eo
743 4502 821 4559 Lesa.
841 4503 969 4574 castrop.
989 4503 1064 4560 Gutt.
1084 4503 1165 4562 Pant.
