3402 5292
821 413 854 423 -.
877 381 935 444 360
956 411 993 422 .-

322 487 478 566 trimonii
508 489 602 593 apud
632 491 909 593 protestantium
937 489 1146 582 tribunalia,
1175 487 1332 568 obtinuit
1362 487 1489 564 mulier

322 612 537 690 matrimonii
566 612 779 691 solutionem
807 639 914 692 cansa
934 613 1072 692 dissidii
1101 627 1136 690 et
1165 609 1391 690 alienationis
1412 611 1491 687 ani·

321 762 471 831 morum,
494 763 585 842 quae
605 739 798 833 sententia,
821 737 954 816 frustra
970 739 1184 816 reclamante
1213 737 1303 830 viro,
1336 735 1404 814 luit
1432 759 1490 810 se-

322 860 390 940 mel
418 861 619 965 iterumque
648 862 870 941 confirmata.
1115 844 1121 857 ¹

404 999 466 1066 11.
484 988 591 1066 Petiit
605 988 733 1066 deinde
754 988 863 1066 etiam
883 988 950 1082 vir,
973 985 1069 1091 apud
1089 999 1294 1090 competens
1309 982 1484 1077 tribunal,

323 1125 365 1190 ut
394 1110 635 1190 declararetur
662 1111 811 1190 nnllitas
849 1109 1077 1204 matrimonii,
1121 1124 1197 1190 tum
1225 1134 1269 1186 11
1298 1133 1405 1186 causa
1434 1135 1493 1186 ra·

323 1247 422 1338 plna,
455 1248 531 1313 tum
560 1261 604 1313 11
634 1233 774 1314 delectu
811 1235 945 1340 proprii
982 1233 1148 1338 parochi;
1180 1232 1242 1311 sed
1276 1231 1491 1310 contrariam

323 1356 481 1436 obtinuit
496 1359 729 1436 sententiam:
754 1358 947 1464 appellavit
965 1357 1112 1462 proinde
1124 1355 1169 1434 ad
1179 1381 1270 1434 sacr.
1289 1355 1435 1434 Consilii
1450 1360 1488 1434 C.

322 1509 415 1587 quae
444 1483 490 1560 ad
518 1481 684 1562 dubium:
716 1491 771 1560 An
798 1495 927 1562 constet
954 1481 997 1560 de
1025 1479 1191 1561 nullitate
1212 1480 1434 1558 1111111111Ι
1452 1479 1492 1557 in

323 1631 425 1692 cose,
456 1607 640 1712 respondit
669 1607 803 1712 pariter
831 1606 1005 1712 capellae.

405 1741 466 1809 12.
486 1732 630 1810 Censuit
644 1731 789 1838 itaquae
805 1735 842 1808 S.
861 1736 898 1808 C.
918 1757 987 1808 111
1001 1741 1162 1808 con-sture
1176 1729 1217 1808 de
1232 1727 1495 1808 1111111111-

323 1853 499 1932 trimonii.
531 1857 577 1932 Et
605 1879 690 1932 sane
719 1855 801 1933 licet
830 1868 1010 1932 constaret
1029 1853 1072 1930 de
1092 1853 1267 1931 materiali
1288 1865 1410 1956 raptu,
1428 1852 1495 1929 ba-

323 1977 504 2056 bebantnr
533 1994 653 2058 tamen
681 1981 803 2080 gravia
833 1977 961 2056 indicia
991 1977 1035 2056 ad
1051 1975 1293 2054 excludendas
1320 1976 1400 2053 illas
1429 1975 1494 2054 do-

325 2101 419 2179 losas
447 2102 731 2196 sollicitationes,
762 2101 893 2206 quibus
922 2101 1131 2206 nequissimi
1167 2100 1327 2178 homines
1356 2100 1493 2178 faciunt

326 2226 509 2304 mulierem
537 2228 628 2306 velle
656 2228 693 2304 in
713 2239 854 2306 tantum
874 2223 1028 2304 dedecus
1047 2249 1124 2304 sese
1147 2225 1310 2329 prodere.
1335 2225 1495 2304 Aderant

326 2351 420 2426 enim
454 2365 564 2430 testes
603 2352 748 2456 (prouti
785 2350 936 2442 eruitur
960 2375 1004 2428 11
1040 2349 1196 2455 partium
1234 2349 1493 2455 disceptatione

327 2479 364 2552 S.
396 2479 434 2552 C.
467 2476 664 2580 proposita)
693 2475 756 2578 qni
775 2473 1017 2578 deponebant,
1039 2474 1237 2568 mulierem,
1261 2456 1492 2554 volentemet

327 2599 479 2677 maxime
507 2613 704 2704 optantem,
737 2599 846 2676 luisse
875 2625 895 2676 1
924 2599 999 2678 viro
1019 2597 1228 2696 abductam;
1261 2599 1385 2677 aderat
1412 2598 1496 2704 qui-

328 2723 411 2802 dam
440 2724 638 2802 Canonicus
666 2723 728 2828 qui
757 2735 911 2802 testatus
930 2737 1000 2817 est,
1023 2739 1106 2802 ante
1127 2725 1287 2804 mulieris
1307 2723 1496 2804 abductio-

327 2873 407 2926 nem
428 2847 515 2924 inita
531 2849 626 2926 inter
641 2873 701 2924 eos
716 2846 825 2934 luisse
840 2847 1034 2950 sponsalia.
1052 2847 1189 2926 Deinde
1204 2847 1344 2942 mulier,
1367 2873 1494 2950 quarn-

327 2973 380 3048 vis
409 2969 454 3050 ab
483 2972 656 3075 Episcopo
684 2985 720 3050 11
749 2970 794 3048 ab
822 2972 902 3050 aliis
930 2971 1112 3051 admonita
1141 2971 1280 3068 luisset,
1303 2986 1382 3050 uta
1417 2975 1494 3052 rire

326 3109 569 3198 separaretur,
602 3120 784 3198 nunqnam
813 3095 858 3172 ad
887 3095 953 3174 boc
986 3095 1106 3174 induci
1135 3095 1274 3202 potnit3
1306 3095 1402 3200 quod
1430 3096 1496 3175 de-

327 3233 501 3298 monstrat
529 3219 684 3298 animum
700 3217 926 3298 obfirmatum
945 3220 1103 3299 mulieris
1123 3221 1370 3300 cohaerentem
1389 3223 1497 3300 emis-

326 3365 388 3416 sae
416 3339 662 3436 declarationi,
693 3367 764 3446 qua
793 3342 888 3421 lassa
915 3357 985 3440 est,
1007 3357 1128 3448 specte
1155 3371 1220 3422 suo
1238 3357 1272 3422 et
1291 3344 1495 3424 volontarie

328 3493 349 3543 a
378 3468 453 3544 tiro
481 3466 591 3545 luisse
619 3465 809 3546 abductam
838 3493 856 3544 e
885 3469 1025 3547 tetricis
1054 3467 1170 3547 domo.

412 3601 473 3668 13.
488 3595 562 3668 lmo
577 3617 656 3670 cum
672 3591 936 3670 matrimonium
951 3593 1079 3670 iterum
1095 3617 1212 3670 eoram
1225 3593 1379 3697 parocho
1389 3607 1425 3670 et
1441 3607 1496 3672 te-

327 3715 458 3808 stibus,
489 3729 570 3820 post
596 3716 753 3820 spatium
774 3716 930 3820 plurium
946 3718 1119 3794 mensium
1139 3729 1347 3795 renovatum
1368 3716 1490 3811 luerit,

326 3839 415 3943 quin
434 3839 560 3917 mulier
579 3838 998 3936 1111111111111111111;
1022 3839 1210 3919 videbatur
1229 3842 1348 3946 potius
1367 3841 1495 3920 mulier

328 3961 374 4040 ad
402 3965 514 4042 instar
541 3965 782 4060 meretricum,
813 3966 929 4044 virum
948 3965 1016 4044 sub
1036 3992 1100 4044 sua
1120 3979 1299 4070 potestate
1318 3965 1488 4060 retinere,

327 4113 433 4192 quam
462 4087 539 4193 ipsa
569 4087 750 4168 videretur
778 4090 846 4170 sub
875 4092 941 4170 viri
969 4103 1147 4196 potestate
1176 4090 1338 4170 retineri.
