3424 5300
850 421 1026 486 -tao-

322 551 540 631 .Caelestini
577 554 632 630 Ill
661 551 742 658 (1),
774 549 836 630 ubi
874 555 1080 646 Saracena,
1111 551 1174 656 qui
1208 575 1252 628 ex
1289 547 1458 628 mandato
1484 563 1520 628 et

351 677 498 756 consilio
512 701 662 757 uxorum
677 677 968 774 christianarum,
991 679 1086 757 uiros
1105 701 1227 756 earum
1247 676 1516 772 iuterfecerunt,

350 803 513 910 quamvis
541 803 624 882 dein
652 830 717 910 per
744 805 841 910 ipsas
868 803 913 882 ad
942 802 1047 884 fidem
1071 805 1250 883 conversis
1269 804 1515 898 christianam,

351 927 578 1008 interdicitur
605 931 870 1009 matrimonium
898 955 978 1009 oum
1007 929 1078 1008 illis
1104 928 1236 1024 viduis,
1255 929 1364 1008 citato
1391 927 1519 1008 Tribu-

350 1053 458 1131 rieasi
487 1052 643 1132 Concilio
672 1053 747 1160 (ἓ).
770 1099 794 1114 -
815 1053 927 1133 Aliter
955 1069 1074 1134 autem
1107 1052 1228 1132 eadem
1258 1051 1426 1132 decretali
1455 1051 1518 1130 de-

350 1179 463 1257 cernit
491 1177 653 1259 Pontifex
681 1177 725 1258 de
754 1179 987 1258 matrimoniis
1013 1179 1206 1258 contractis
1225 1206 1245 1256 a
1266 1179 1453 1258 Saracenis
1471 1175 1514 1256 ad

348 1301 454 1382 fidem
482 1305 662 1382 conversis
689 1329 768 1382 oum
797 1303 970 1382 uxoribus
988 1303 1270 1384 Christianorum
1290 1303 1325 1381 in
1346 1302 1439 1382 bello
1458 1325 1518 1382 oa-

349 1427 521 1523 eisorum,
552 1418 589 1506 et
616 1454 637 1504 a
666 1427 878 1506 Christianis
906 1453 985 1506 cum
1012 1427 1224 1507 mulieribus
1261 1432 1516 1508 Saracenorum

350 1550 468 1630 viduis
496 1555 580 1632 item
608 1552 646 1630 in
673 1551 767 1632 bello
786 1551 831 1631 ab
851 1553 923 1632 illis
951 1553 1231 1649 interfectorum,
1250 1567 1439 1659 postquam
1458 1579 1518 1634 sa·

348 1703 497 1757 racenae
525 1676 692 1756 mulieres
719 1676 862 1757 inerant
892 1703 993 1757 sacro
1029 1677 1254 1784 baptismatis
1287 1691 1516 1781 regeneratae

294 1783 298 1792 ¹
350 1799 504 1881 lavacro.
536 1801 718 1882 Eiusmodi
746 1803 841 1881 enim
868 1801 1033 1905 coniugia
1061 1801 1159 1882 licita
1188 1813 1223 1879 et
1250 1800 1370 1880 valida
1398 1799 1516 1880 decla-

349 1939 475 2006 rantur
502 1955 546 2008 ex
574 1955 616 2008 eo
644 1927 737 2034 qnod
765 1927 852 2008 tales
881 1953 951 2008 oon
969 1927 1242 2035 procuraverint
1269 1929 1430 2006 uirorum
1457 1925 1514 2005 in·

350 2052 494 2132 teritum
531 2051 778 2157 defunctorum
811 2053 885 2160 (3).
907 2097 932 2114 -
951 2055 1043 2132 Hiao
1082 2053 1215 2132 valeret
1251 2051 1513 2133 matrimonium
1587 2085 1591 2096 ·

349 2205 382 2257 e.
416 2205 469 2283 gr.
500 2179 583 2258 Titii
612 2205 692 2258 cum
718 2183 839 2275 berta,
871 2179 902 2258 si
930 2177 1044 2258 Titius
1063 2177 1201 2260 occidat
1219 2203 1507 2272 uxoremsuam,

348 2307 533 2407 ignorante
562 2303 617 2383 rel
650 2303 913 2385 contradicente
942 2308 1062 2401 berta,
1094 2331 1174 2385 cum
1202 2331 1272 2411 qua
1302 2302 1512 2384 intendebat

347 2428 610 2508 matrimonium
638 2431 745 2526 inire3
777 2429 832 2508 vel
860 2430 890 2508 si
917 2426 1023 2508 Berta
1052 2455 1156 2510 suum
1172 2427 1362 2509 interficiat
1381 2429 1508 2524 virum,

347 2553 459 2634 inscio
478 2568 541 2634 aut
555 2551 751 2635 obsistente
779 2555 884 2649 Titio,
906 2580 1057 2660 quocum
1073 2553 1283 2634 intendebat
1310 2552 1511 2656 coniugium

347 2679 571 2759 contrahere.
604 2680 893 2785 bequiparantur
926 2679 1019 2759 enim
1053 2677 1287 2758 uxorioidium
1321 2689 1357 2756 et
1394 2675 1512 2755 virici-

348 2801 445 2882 dinm
474 2805 490 2910 (
518 2801 547 2908 ).

428 2927 585 3006 Secundo
612 2927 822 3032 requiritur,
855 2942 895 3006 ot
922 2929 1049 3008 occisio
1069 2929 1132 3008 liat
1151 2929 1344 3006 intentione
1370 2935 1512 3004 corura-

346 3051 451 3131 bendr'
477 3051 748 3136 matrimonium
775 3077 855 3130 cum
883 3053 1032 3155 coniuge
1061 3053 1267 3157 superstite.
1308 3051 1384 3128 Etsi
1417 3050 1509 3128 enim

347 3176 385 3254 in
412 3179 488 3256 iure
518 3177 691 3256 eiusmodi
723 3175 880 3257 conditio
913 3202 984 3256 nou
1020 3177 1221 3284 reperiatur
1253 3199 1435 3281 expressa,
1466 3198 1508 3254 eu

346 3303 424 3382 eius
453 3292 571 3383 tamin
600 3303 718 3382 vorbis
746 3317 783 3382 et
811 3301 881 3382 fine
908 3303 1087 3408 colligitur
1116 3301 1190 3411 (5).
1218 3303 1316 3382 Finis
1335 3301 1509 3407 siquidem

346 3428 464 3532 legum
494 3431 559 3508 hoo
586 3428 820 3509 statuentium
850 3427 1140 3533 impedimentum
1168 3441 1237 3523 est,
1269 3451 1313 3506 ne
1340 3427 1421 3533 quis
1448 3424 1510 3506 de-

346 3553 477 3635 siderio
506 3553 653 3634 alterius
686 3553 920 3633 contrahendi
948 3554 1103 3658 coniugii
1132 3555 1309 3660 propriam
1337 3553 1394 3631 rel
1422 3551 1512 3631 alte-

347 3679 422 3760 rius
449 3681 633 3785 coniugem
661 3677 812 3758 occidat.
831 3723 855 3740 -
874 3678 991 3774 Unde,
1013 3680 1177 3788 quamvis
1195 3682 1232 3758 iu
1252 3678 1326 3758 loro
1345 3692 1506 3774 euterun,

417 3929 457 4004 (1)
475 3933 543 4003 Cap.
565 3929 750 3988 laudabilem
777 3935 799 3998 t,
822 3931 856 3988 dr
878 3929 1059 3988 concursione
1080 3928 1263 4002 infidelinmr
1289 3944 1326 3988 ex
1351 3941 1410 4002 quc
1433 3941 1510 3986 com·

348 4021 445 4080 munis
467 4021 522 4078 bl).
541 4019 693 4078 sententia.

416 4109 450 4182 (ἲ)
469 4111 536 4182 Cap.
554 4111 589 4167 Si
606 4108 675 4184 qnia
693 4108 805 4166 vivente
821 4109 934 4166 marito
951 4113 977 4165 5.
998 4123 1079 4166 caua.
1098 4109 1143 4164 tt.
1163 4115 1276 4181 quaeat.
1298 4111 1323 4165 t.

417 4201 451 4271 [3]
471 4200 523 4257 cit.
543 4215 608 4272 cop.
630 4197 821 4265 laudabilem,
844 4199 878 4254 de
895 4212 1022 4256 conano.
1041 4195 1217 4270 infidelium.

416 4285 455 4360 (4)
476 4288 610 4357 Sancum,
630 4289 704 4344 Gutt.
733 4289 813 4345 Pam.
843 4289 944 4359 Laym.
970 4289 1099 4360 castrop.
1120 4287 1168 4344 cit.
1195 4301 1210 4343 a
1241 4285 1383 4344 Laureuio
1409 4283 1462 4344 no.
1482 4291 1509 4342 a

348 4375 395 4434 rr't.
415 4380 442 4433 7.
461 4387 570 4449 quaest.
594 4379 716 4436 lot-lto
735 4391 768 4433 aar
785 4378 835 4434 cit.
857 4384 923 4434 tent.
944 4375 1079 4447 aliisque.

417 4460 455 4539 (5)
474 4466 598 4522 Suucbea
617 4465 669 4522 lib.
691 4470 716 4521 7.
737 4465 813 4536 disp.
835 4471 878 4521 78.
899 4481 929 4522 n.
954 4469 996 4520 45.
1017 4478 1084 4523 cum
1103 4461 1260 4522 communi.
