1035 1506
525 222 543 225 -
554 213 573 229 78
584 221 602 225 -
801 229 803 232 ,

273 242 332 261 monia
354 242 401 261 inter
422 241 522 268 baptizatos
540 245 559 261 et
578 248 612 261 non
628 241 727 268 baptizatos
745 242 856 262 servandae:

274 273 314 292 1⁰Si
319 272 428 292 cohabitatio
434 279 474 292 enm
480 272 547 292 infideli
553 279 589 292 non
594 273 691 292 adduceret
696 276 728 292 aut
732 273 858 293 contumeliam

273 304 365 328 creatoris,
388 307 419 324 aut
440 304 539 330 periculum
558 304 686 330 perversionis;
698 316 710 319 -
721 307 741 324 2⁰
762 305 779 324 Si
800 305 859 331 proles

272 335 397 355 institueretur
412 335 430 355 in
444 335 543 355 christiana
553 335 648 361 religione3
660 347 672 350 -
682 337 702 355 3⁰
716 335 731 355 si
745 335 860 362 dispensare-

273 370 302 386 tur
320 366 377 386 solum
398 367 416 386 in
431 366 474 386 loeis
490 367 517 392 (in
534 366 637 393 provincia,
655 366 746 386 vicariatu
760 367 806 392 ete)
827 366 857 386 ubi

273 398 334 424 plures
348 401 409 418 essent
423 397 511 421 infideles,
522 404 576 424 qnam
590 398 693 422 ohristiani;
704 409 716 413 -
727 400 747 417 4⁰
760 397 775 417 si
785 397 858 424 dispen-

273 429 320 449 satio
334 429 420 455 gravibus
433 433 504 449 tantum
517 429 540 449 de
554 429 613 449 causis
627 429 761 452 concederetur,
779 429 824 449 adeo
837 432 857 448 ut

274 461 335 487 potius
345 460 480 487 dispensaretur
490 461 508 480 in
519 460 650 487 impedimentis
657 460 819 485 consanguinitatis
826 466 858 480 sen

273 491 374 515 affinitatis,
386 492 400 511 si
415 492 449 511 hoe
465 495 517 518 pacto
531 492 631 511 vitarentur
641 491 754 511 matrimonia
768 497 808 511 curn
818 491 858 511 infi-

273 522 356 547 delibus3
368 533 380 537 -·
391 525 410 542 5ο
425 522 497 542 additur
507 522 612 549 aliquando,
623 522 638 542 si
648 522 696 543 adsit
705 522 803 549 probabilis
817 529 858 549 spes

274 553 296 573 de
311 554 426 574 conversione
440 554 563 574 contrahentis
577 554 661 574 infidelis.

315 588 333 605 7.
356 585 408 612 Apud
431 585 530 605 Orientales
552 585 585 605 hoc
605 585 752 611 impedimentum
773 585 858 605 dirimens

273 617 389 636 enunciatnm
399 617 452 636 etiam
467 620 494 636 est
504 616 523 636 in
534 616 611 636 Comitio
621 616 754 636 Maronitarum
763 622 793 636 an.
806 618 856 636 1736

273 648 301 667 his
316 647 384 667 verbis:
401 655 410 666 ‹
422 648 520 674 Septimum
534 647 688 674 (impedimentum
698 647 800 673 dirimens):
816 644 864 667 eut-¹

273 684 302 699 tus
316 679 421 706 disparitas,
437 679 483 699 idest
497 679 610 699 matrimonia
620 679 757 699 christianorum
771 686 811 699 cum
821 685 857 698 non

274 711 377 737 baptizatis,
393 710 431 730 sive
445 710 504 730 iudaei
526 710 562 730 sint
576 710 613 730 sive
627 710 708 730 infideles
728 711 856 737 cuiuscumque

271 741 391 766 seotae,-sive
405 741 459 761 etiam
473 741 596 761 catechumeni
608 749 617 759 ›
632 742 670 767 (¹).

311 775 330 793 8.
346 773 442 792 Instructio
462 776 522 792 autem
542 772 643 794 austriaca,
659 779 706 799 quae
725 773 747 792 ad
768 772 855 799 quosdam

285 806 326 824 tiam
340 804 435 824 orientales
445 804 491 823 ritus
501 804 612 828 extenditur,
624 804 648 824 ita
663 804 696 823 hoe
710 804 856 830 impedimentum

285 836 345 856 volvit.
356 847 369 851 -
378 836 429 855 Inter
443 835 543 862 baptizatos
556 839 575 855 et
588 841 619 855 eos
632 836 663 861 qui
677 835 818 861 regenerationis
827 842 857 855 sa-

285 871 382 887 rarnentum
397 866 445 886 haud
460 869 585 893 susceperunt,
606 866 738 886 matrimonium
759 866 856 886 consistere

285 899 341 925 equit:
354 906 363 916 ‹
374 899 428 918 quta
438 898 471 917 hoe
485 904 527 924 ergo
541 897 685 924 impedimentum
693 898 804 924 disparitatis
818 898 857 918 eul-

285 935 302 949 15
316 929 385 949 nullum
399 932 427 949 est
447 929 579 948 matrimonium
593 929 613 955 ιι)
630 928 677 955 quod
696 929 795 949 catholicus
815 935 855 948 eum

285 960 345 984 idaeo,
362 964 411 980 turca
426 963 458 980 aut
471 966 541 986 pagano
555 960 618 984 iniret;
633 960 652 986 b)
668 960 716 986 quod
731 960 855 980 schismaticus

285 991 382 1011 hristianus
392 995 423 1011 aut
433 994 535 1018 protestans
549 991 677 1017 cuiuscumque
686 991 810 1015 confessionis,
821 998 854 1011 oo—

285 1023 310 1043 ide
323 1026 383 1043 tamen
400 1022 510 1049 baptizatus,
526 1029 566 1042 oum
587 1022 658 1046 iudaeo,
675 1026 725 1042 turea
740 1026 771 1042 aut
792 1023 854 1048 gentili

285 1058 304 1074 ut
317 1060 430 1080 quocumque
445 1060 480 1073 non
494 1054 585 1080 baptizato
601 1054 724 1078 contraheret3
747 1054 826 1081 adeoque
841 1055 855 1074 si

285 1088 316 1108 iles
329 1088 411 1108 catholici
425 1086 495 1111 fierent,
506 1093 604 1107 consensus
618 1088 732 1108 renovatione
743 1094 803 1108 eorum
818 1095 856 1108 rna-

285 1119 374 1139 ·imonium
389 1118 463 1139 validari
478 1118 551 1138 deberet
567 1119 604 1145 (2).
616 1130 628 1134 —-
638 1120 682 1139 Cum
696 1123 755 1139 autem
777 1119 856 1139 existant

307 1172 327 1190 (1)
337 1172 390 1190 synod.
401 1172 472 1186 titaneus.
482 1173 514 1190 enp-
525 1173 547 1186 η
557 1172 572 1190 s.
582 1174 595 1186 ,9.
605 1176 620 1186 n.
632 1173 662 1187 1¹11.

307 1194 327 1212 (21
337 1194 408 1208 Benedici.
422 1194 453 1208 xlv
462 1194 486 1208 ott.
500 1194 548 1208 Consi.
561 1194 579 1208 ad
591 1194 681 1209 cardinalem
695 1195 804 1213 Ebornceusem,
818 1195 856 1210 hunc

285 1216 348 1234 -aecipue
357 1219 406 1231 casum
413 1216 486 1234 expendit,
494 1218 536 1234 atque
543 1216 559 1233 ς.
567 1218 584 1230 2⁰
590 1217 671 1232 wnetuclit:
683 1222 690 1229 «
697 1217 793 1234 Quamobrem
798 1217 815 1231 ad
823 1221 855 1235 pm·
