3406 5302
857 415 1032 480 -uto-

446 541 555 621 Tertii
582 543 720 646 generis
756 543 998 650 exceptiones,
1033 542 1167 622 scilicet
1198 551 1323 620 contro
1350 539 1446 619 dicto
1474 551 1523 616 te·

362 667 486 755 stium,
502 667 733 776 opponendae
752 683 838 749 sunt
852 669 933 775 poit
948 666 1223 776 publicationem
1237 667 1519 760 attestationum

363 793 448 898 quia
477 806 666 872 antaeum
699 807 820 899 partes
858 795 1038 898 ignorant,
1074 792 1245 898 quidnam
1280 805 1391 872 testes
1418 789 1526 896 depo-

363 921 515 1015 suerint,
534 933 570 1000 et
589 919 676 1024 quid
696 921 845 1026 proinde
865 921 902 999 iu
918 947 1039 1000 eorum
1054 919 1159 1000 dictis
1180 918 1442 1027 reprobandum
1462 916 1522 1006 sit.

443 1045 541 1125 Idem
569 1071 650 1124 cum
678 1047 904 1152 proportione
932 1046 1123 1126 dicendum
1151 1047 1195 1126 de
1224 1045 1367 1126 secundi
1387 1043 1525 1149 generis

363 1167 648 1275 exceptionibus,
671 1194 797 1275 nempe
824 1183 948 1249 contra
966 1195 1115 1250 cacumen
1129 1170 1312 1274 illegitime
1327 1181 1521 1276 peractum,

364 1318 443 1372 curn
472 1293 569 1371 haud
598 1293 735 1399 possint
763 1293 938 1374 examinis
957 1294 1117 1375 delectus
1136 1296 1358 1374 innotescere
1385 1292 1524 1372 eosdem

364 1431 571 1525 exceptum,
603 1419 672 1498 nisi
700 1419 861 1499 examine
889 1419 949 1500 illo
978 1435 1121 1526 peracto
1148 1436 1185 1502 et
1213 1421 1398 1528 producto.

447 1551 483 1621 7.
515 1545 563 1622 m
591 1557 710 1623 autem
738 1569 821 1624 reus
848 1544 1039 1650 reprobare
1065 1561 1184 1653 potest
1211 1559 1321 1626 testes
1344 1544 1390 1624 ab
1409 1557 1526 1623 actore

364 1681 554 1748 contrusa
590 1667 796 1776 productos,
828 1673 878 1748 ita
905 1684 1029 1750 contra
1058 1685 1176 1777 potest
1212 1687 1310 1752 actor
1337 1669 1526 1777 reprobare

364 1818 455 1899 quos
491 1817 574 1872 reus
611 1793 794 1900 produxit.
817 1799 1000 1874 -Testem
1028 1819 1112 1874 vero
1148 1822 1253 1901 quem
1292 1821 1355 1902 pro
1386 1819 1425 1873 se
1453 1794 1526 1873 sire

366 1929 464 1996 actor
492 1917 566 1996 sive
597 1943 679 1998 reus
707 1917 865 2016 induxit,
896 1932 1039 1999 tenetur
1067 1917 1255 2000 admittere
1278 1920 1385 1999 etiarn
1404 1931 1526 1997 contra

366 2065 419 2136 se,
450 2041 521 2120 nisi
549 2067 640 2121 nova
667 2067 776 2122 causa
814 2068 894 2122 eum
923 2043 1138 2150 reprobandi
1170 2044 1433 2150 supervenerit.
1462 2033 1529 2122 Po-

364 2178 436 2244 test
463 2177 583 2246 tamen
610 2167 685 2247 sive
713 2179 810 2246 actor
846 2167 921 2248 sive
949 2193 1032 2248 reus
1061 2168 1178 2248 adhuc
1215 2169 1405 2275 reprobare
1433 2166 1527 2246 dicta

366 2291 468 2368 testis
495 2315 560 2395 pro
588 2315 626 2370 se
654 2289 806 2386 inducti,
838 2291 922 2372 dum
950 2292 1048 2373 videt
1076 2321 1118 2374 ea
1146 2297 1240 2372 iuter
1272 2318 1310 2372 se
1338 2317 1415 2372 esse
1444 2293 1528 2370 con-

364 2413 490 2510 trariu,
522 2414 578 2494 vel
593 2413 737 2494 aliunde
756 2430 875 2522 potest
894 2441 1014 2498 eorum
1034 2417 1221 2498 ostendere
1241 2415 1430 2496 salsitatem
1451 2415 1466 2522 (
1494 2413 1524 2520 ).

445 2548 483 2618 8.
513 2543 568 2618 dn
596 2554 780 2646 praeterea
809 2543 1016 2648 ecquando
1054 2557 1165 2624 testes
1201 2540 1350 2644 cogendi
1383 2541 1456 2620 sint
1483 2537 1527 2618 ad

366 2663 552 2744 ferendum
580 2664 837 2764 testimouium,
869 2667 950 2748 ride
979 2669 1075 2776 apud
1104 2667 1313 2748 canonistas
1342 2663 1416 2771 (ἲ).

783 2919 1039 3000 ARTICULUS
1067 2921 1109 2996 V.

483 3164 527 3239 lle
550 3165 781 3258 renuntiare
803 3165 956 3260 iudicato,
979 3167 1113 3260 querele
1134 3168 1169 3242 et
1192 3165 1418 3259 appellatione.

451 3407 487 3476 t.
519 3405 570 3478 De
583 3401 769 3480 sententie.
784 3401 870 3480 Fine
885 3402 1050 3506 imposito
1068 3400 1318 3507 probationum
1333 3399 1530 3480 collectioni

373 3548 414 3603 ac
441 3523 725 3628 exceptionibus,
757 3526 872 3632 iisque
900 3525 1064 3605 omnibus
1101 3526 1296 3630 praestitis
1328 3538 1532 3630 quaesunt

372 3647 416 3728 de
445 3647 522 3727 iure
549 3650 778 3754 praestanda,
809 3676 851 3728 ac
878 3650 922 3728 iis
950 3651 1158 3755 praesertim
1191 3649 1354 3756 religiose
1382 3651 1532 3732 servatis

371 3799 464 3880 quae
492 3801 513 3851 a
540 3775 731 3855 Benedicto
758 3779 838 3854 XIV
868 3773 1061 3855 traduntur
1088 3775 1125 3854 in
1153 3775 1409 3857 constitutione
1427 3799 1534 3882 saepe

372 3912 642 3978 commemorata
670 3900 754 4004 (Dei
771 3899 1014 4005 miseratione)
1032 3925 1078 3980 ne
1099 3901 1275 3980 nullitetis
1295 3900 1383 3980 vitio
1401 3915 1437 3980 et
1455 3913 1535 3980 acta

375 4037 411 4103 et
439 4024 616 4104 sententia
645 4024 721 4132 ipsa
749 4025 949 4120 tabescant,
981 4025 1108 4130 iugalis
1137 4025 1270 4104 vinculi
1298 4025 1462 4106 deleusor
1480 4027 1537 4106 iu·

376 4149 516 4232 dicielia
545 4165 625 4232 acta
652 4151 776 4232 sedulo
804 4150 995 4258 expendet,
1017 4177 1101 4231 sues
1120 4153 1282 4233 conficiet
1309 4152 1538 4234 animadver-

445 4340 479 4413 llt
499 4341 597 4400 Glosso
616 4348 644 4399 et
655 4343 752 4400 abbas
766 4343 795 4400 iu
805 4342 855 4402 cit.
868 4357 933 4415 cap.
945 4343 1144 4416 praesentium
1156 4347 1199 4413 tl,
1215 4345 1249 4402 de
1259 4345 1353 4404 testib.
1368 4351 1394 4403 et
1406 4351 1533 4404 ortator.

446 4428 487 4508 (2)
507 4434 540 4490 ln
561 4431 613 4492 tte.
633 4437 651 4492 2
669 4425 874 4504 decretalium,
897 4433 944 4492 tit.
965 4437 1009 4502 tl,
1031 4433 1065 4491 de
1083 4433 1205 4494 cottum
1222 4434 1356 4508 moenaio
1373 4435 1418 4494 ml
1433 4449 1504 4495 ooo.
