1035 1506
273 220 338 234 ceusas
352 214 460 241 dispensatio
473 221 526 241 super
539 215 654 235 matrimonio
669 214 714 235 inito
726 218 766 241 post
783 214 858 235 Ordines

274 251 334 265 sacros
349 245 457 265 concedenda
470 245 568 268 videbitur,
583 249 624 266 tunc
638 245 708 266 nullum
715 245 788 265 verbum
794 246 827 272 fiat
836 246 858 265 de

274 277 389 297 renovatione
402 284 494 297 consensus
502 288 514 292 -
524 285 541 296 ν.

315 308 409 328 Rationem
423 308 500 332 reddens
513 308 595 328 Pontifex
609 308 663 328 huius
677 308 822 335 praescriptionis
836 307 858 328 de

273 339 324 359 nullo
338 339 392 359 verbo
406 339 486 360 faciendo
500 339 519 359 in
533 339 696 366 dispensationibus
709 338 769 365 quoad
783 345 859 358 renova-

273 371 340 390 tionem
354 376 459 394 consensus,
470 371 502 394 ita,
514 370 536 390 ad
551 373 662 396 praesentem
671 369 719 396 quod
726 370 792 390 attinet
801 376 858 396 quae-

271 400 357 424 stionem,
368 400 492 427 prosequitur:
505 408 514 418 ‹
524 401 545 419 In
552 400 623 423 decreto
632 406 672 420 mox
682 400 738 420 relato
747 399 795 419 haud
805 405 855 419 mens

274 434 336 450 nostra
350 430 390 454 tuit,
406 431 539 450 renovationem
552 437 650 450 consensus
663 430 758 450 excludere
765 436 805 450 eum
819 436 857 449 ma-

273 462 377 481 trimonium
392 465 443 481 extra
461 461 590 482 dubitationem
609 462 678 481 nullum
695 465 731 486 est3
743 473 755 477 -
767 462 799 481 sed
816 468 856 482 cum

273 493 333 519 gravis
351 493 383 513 illa
400 493 527 514 controversia,
542 496 563 512 ut
580 492 647 512 dietum
665 496 699 517 est,
714 493 773 513 adhue
788 493 856 519 viqeat,

271 535 285 539 -
293 525 320 543 An
330 524 461 544 matrimonium
471 524 490 543 in
500 524 578 543 Ecclesia
588 523 674 544 Orientali
684 527 724 550 post
734 523 818 544 Ordinem
827 530 857 544 sa-

272 561 322 574 crum
338 558 456 578 contractum,
467 554 541 581 perinde
555 554 623 574 nullum
632 555 656 574 sit
668 561 688 574 ac
702 555 721 574 in
735 555 813 574 Ecclesia
823 556 857 575 Oe-

271 585 365 609 oidentali,
381 591 404 605 an
422 586 482 612 potius
495 586 519 605 sit
537 585 646 605 solummodo
662 585 772 610 illicitum-;
783 589 802 606 et
815 592 855 605 cum

273 616 375 636 huiusmodi
389 616 509 636 controversia
523 616 611 643 (exceptis
627 616 764 640 Italo-Graecis,
779 623 855 643 quorum

273 647 386 667 matrimonia
393 651 434 674 post
443 647 527 667 Ordinem
533 653 602 667 sacrum
610 647 662 671 inita,
671 650 758 667 statutum
764 650 798 671 est,
807 647 855 667 nulla

271 681 292 700 Gt
306 678 357 698 irrita
371 685 417 702 esse,
433 682 453 698 ut
467 678 486 698 in
504 682 565 698 nostra
584 679 713 699 Constitutione
729 685 776 705 quae
793 679 855 705 incipit

273 710 313 729 Etsi
324 709 421 736 pastoralis
435 710 455 735 ἓ.
471 710 490 729 Ἰ.
506 715 525 729 n.
540 709 584 735 25.)
597 709 657 736 quoad
673 713 741 730 ceteros
755 710 855 730 Orientales

272 743 349 762 Graecos
366 740 416 760 millo
431 740 488 760 adhuc
506 740 575 760 decreto
590 740 685 767 apostolico
700 740 774 767 definita
789 741 854 767 fuerit,

271 772 314 792 licet
328 771 425 792 tribunalia
440 771 494 791 huius
512 771 568 791 almae
582 771 636 791 Urbis
652 771 731 798 opinioni
747 778 808 791 eorum
822 772 855 791 ad-

272 803 366 826 haereant,
381 802 413 829 qui
427 802 471 822 haec
484 802 596 822 matrimonia
610 802 660 822 nulla
676 802 790 826 existimant;
806 803 855 822 nihi-

271 834 348 853 lominus
362 834 419 853 satius
433 833 489 853 visum
499 836 534 856 est,
545 836 565 852 ut
575 832 681 853 adveniente
691 839 733 853 casu
745 833 853 853 concedendi

270 864 430 891 dispensationem,
445 864 523 884 conditio
537 864 657 884 renovationis
670 870 768 884 consensus
777 870 813 884 non
822 870 855 884 ex-

270 896 365 922 primatur.
381 896 474 915 Decretum
488 898 548 914 autem
562 894 584 914 de
598 901 633 921 quo
643 895 709 921 agitur,
718 901 766 915 nuno
779 895 833 915 etiam
842 902 853 915 a

271 926 323 947 nobis
337 926 439 946 solemniter
453 925 568 946 confirmatur
579 933 596 945 ›.

312 960 344 978 21.
356 959 449 977 Praeterea
458 958 496 984 ipse
506 963 585 976 summus
594 957 672 983 pontifex
682 957 724 977 Pius
733 958 765 981 tx,
771 957 853 984 quamvis

270 995 302 1016 per
316 990 334 1009 S,
351 990 370 1009 C.
386 989 408 1008 de
422 988 538 1015 Propaganda
552 987 587 1008 fide
596 988 688 1008 cuiusdam
698 989 799 1015 provinciae
809 989 853 1015 Epi—

269 1020 328 1046 scopis
342 1019 400 1046 graeei
415 1020 460 1039 ritus
474 1018 608 1045 significandam
622 1019 710 1039 curaverit
718 1026 819 1045 germanam
829 1020 851 1040 de

267 1051 358 1071 caelibatu
372 1054 391 1071 et
404 1050 514 1070 continentia
528 1050 571 1070 cleri
584 1050 673 1070 Ecclesiae
689 1051 781 1071 orientalis
796 1051 853 1071 tradi—

269 1083 347 1107 tionem3
356 1093 368 1098 -
378 1082 459 1109 quamvis
469 1081 544 1101 maxime
552 1081 685 1108 improbaverit,
696 1086 782 1109 tanquam
791 1089 801 1102 a
811 1089 852 1109 ger-

268 1120 321 1134 mana
335 1113 427 1135 orientalis
445 1108 534 1133 Ecclesiae
548 1112 642 1139 disciplina
658 1113 771 1133 aberrantem
785 1120 851 1134 morem

268 1144 325 1168 illum,
341 1147 361 1164 ut
376 1144 500 1171 hypodiaconi,
516 1144 643 1164 contrahentes
656 1148 697 1170 post
710 1144 812 1165 huiusmodi
821 1151 851 1165 or-

266 1175 377 1195 dinationem
391 1175 529 1199 matrimonium,
545 1174 568 1194 ad
582 1175 681 1201 superiores
691 1175 767 1195 Ordines
780 1182 853 1202 promo-
