3406 5302
675 445 851 509 ..235-

660 588 739 734 g.
772 641 810 711 1.

177 815 310 897 011111
333 814 423 890 teoto
446 835 488 890 ax
509 815 614 908 princ
635 798 868 907 poleticum
885 815 1004 907 111111,
1033 834 1074 893 tx
1103 813 1344 908 parochialibus

518 941 629 1014 nempe
652 922 814 997 codicibus
837 923 983 996 eruetur.

257 1199 320 1269 11.
351 1190 460 1295 lltqui
488 1190 525 1269 in
553 1191 710 1271 themate
729 1204 804 1271 tum
832 1190 1054 1297 parochiales
1081 1187 1240 1283 Codicm,
1262 1199 1339 1266 tum

174 1311 360 1393 iudiciales
386 1316 531 1394 testium
558 1314 798 1420 depositiones
825 1325 1116 1407 commonstrant,
1143 1312 1274 1391 Titium
1303 1321 1340 1389 et

174 1440 316 1516 Bertam
332 1439 369 1516 in
388 1439 492 1517 tertio
520 1439 662 1543 aequali
689 1438 1010 1542 consanguinitatis
1036 1435 1148 1541 gradu
1180 1461 1224 1515 er
1243 1435 1339 1514 linea

173 1562 369 1641 collaterali
397 1562 578 1666 coniungi.
606 1563 651 1642 ld
679 1588 764 1642 sane
792 1562 921 1669 prohat
957 1561 995 1640 in
1022 1561 1146 1667 primis
1164 1559 1338 1639 librorum

171 1686 428 1790 parochialium
456 1689 664 1781 auctoritas,
695 1711 760 1766 ceu
778 1699 879 1793 patet
898 1711 943 1766 en
962 1684 1088 1765 arbore
1109 1684 1336 1789 genealogiae

171 1836 190 1890 e
209 1811 311 1890 libris
332 1812 518 1916 parochiae
537 1837 568 1889 s.
592 1811 737 1890 Martini
756 1823 873 1904 eruta,
896 1835 1074 1915 quamque
1094 1810 1152 1888 hic
1173 1813 1245 1888 llll.
1264 1812 1335 1887 PP.

170 1934 282 2013 oculis
311 1933 485 2014 subiicere
514 1947 753 2039 opportunum
781 1933 882 2012 duxi:

546 2141 706 2259 Andreas
733 2183 775 2258 P.
807 2176 953 2286 (stipes)

422 2525 429 2731 1
1069 2515 1077 2730 Ι

287 2734 319 2796 1.
344 2734 518 2819 Augustino
542 2738 576 2799 Ρ.
827 2736 856 2798 1.
883 2730 1045 2800 Dominioa
1069 2732 1125 2794 11.·
1140 2730 1251 2796 Onesta
1275 2734 1308 2797 P.

289 2837 384 2923 (quae
409 2859 460 2905 an.
490 2843 571 2906 1799
847 2840 942 2926 (quae
966 2858 1016 2906 an.
1044 2839 1285 2905 transiretur

245 2946 354 3032 nupsit
377 2947 537 3032 Stephano
560 2947 613 3029 0.)
758 2980 761 2984 ·
877 2945 986 3030 nupsit
1009 2946 1188 3033 Augustino
1213 2942 1264 3029 Β.)

278 3251 311 3313 2.
339 3249 567 3336 MagdalenaQ.
933 3250 964 3314 2.
991 3245 1127 3313 hloisius
1150 3249 1185 3311 B.

288 3358 386 3441 (quae
409 3375 458 3421 an.
488 3356 571 3422 1820
803 3353 870 3441 (qui
894 3372 944 3418 an.
974 3356 1058 3420 1810
1081 3371 1214 3418 uxorem
1238 3346 1333 3419 clarit

244 3461 354 3547 nupsit
378 3461 553 3548 Augustino
577 3460 628 3544 S.)
948 3460 1174 3545 margaritam).

316 3767 347 3829 9.
375 3763 474 3830 Titius
498 3766 529 3832 S.
955 3765 987 3829 3.
1013 3764 1107 3828 Berta
1129 3763 1165 3826 B.

243 4051 308 4121 12.
340 4039 440 4132 Quod
469 4055 588 4121 autem
615 4042 862 4122 authenticum
890 4039 1095 4121 huiusmodi
1123 4040 1266 4121 schema
1291 4038 1330 4118 in

162 4165 328 4244 omnibus
356 4165 431 4243 suis
456 4164 620 4270 partibus
647 4168 797 4245 veritate
834 4167 986 4260 nitatur,
1017 4189 1061 4243 en
1099 4162 1329 4243 iudicialibus

163 4290 252 4369 actis
268 4289 436 4394 (hllcgat.
455 4290 500 4393 1)
521 4288 800 4368 luculentissime
815 4301 928 4393 patet.
951 4294 1036 4368 Cum
1051 4291 1145 4368 enim
1165 4288 1328 4368 vicarius

163 4415 339 4519 generalis
366 4441 439 4494 una
466 4439 546 4494 cum
573 4412 703 4517 iugalis
728 4412 863 4492 vinculi
885 4411 1085 4512 defensore,
1107 4412 1153 4494 ad
1172 4414 1239 4494 hoc
1257 4412 1327 4493 rite
