3402 5292
847 447 1021 512 ..358-

351 611 371 652 ι
395 578 532 657 misisse
560 578 822 672 consentiente,
853 578 942 683 quin
970 580 1092 675 etiam,
1129 593 1349 686 proponente
1377 581 1516 686 puella,
1580 639 1587 654 .

301 685 305 696 ’
353 733 371 774 «
394 727 466 807 quo
485 701 597 780 libere
612 715 822 807 exoptatum
838 702 1100 782 matrimonium
1120 704 1332 784 contrahere
1352 719 1517 810 possent,

355 825 591 906 ‹velinritis
619 826 733 932 ipsius
760 827 1049 930 consanguineis,
1071 827 1134 933 qui
1150 843 1342 910 tractatum
1369 857 1520 936 sponsa-

354 985 372 1024 «
396 951 483 1028 lium
502 963 709 1030 constanter
727 949 920 1030 eiecerant.
944 951 1102 1034 Subinde
1121 953 1217 1059 apud
1237 954 1428 1034 honestam
1443 983 1521 1034 ma-

354 1089 536 1154 «tronam
563 1075 683 1180 puella
719 1075 889 1160 collocata
917 1075 1000 1170 luit,
1033 1089 1073 1154 ut
1110 1077 1310 1156 omnimoda
1348 1079 1517 1160 libertate

353 1229 372 1272 ι
395 1198 652 1304 perfrueretur,
675 1225 716 1278 ac
735 1200 965 1278 iureiurando
979 1201 1214 1305 interrogata,
1237 1201 1402 1308 deposuit
1420 1205 1515 1309 quod

351 1347 526 1401 «rosano
554 1346 673 1401 amore
707 1324 857 1427 percita,
898 1337 1074 1402 oratorem
1108 1325 1251 1404 induxit
1283 1339 1324 1406 ut
1360 1328 1516 1433 seipsam

352 1475 373 1519 a
395 1446 626 1540 subduceret,
657 1444 878 1550 proindeque
897 1447 1106 1526 nullatenus
1125 1449 1244 1552 raptui
1264 1449 1412 1528 restitit.
1430 1451 1520 1540 Oui-

353 1567 463 1648 ‹bus
491 1594 577 1647 sane
604 1569 816 1675 perspectis,
848 1569 1009 1648 l'iearius
1037 1571 1214 1673 generalis
1232 1570 1415 1650 definitive
1435 1586 1520 1651 tan·

354 1692 475 1772 «dem
502 1693 768 1800 pronunciavit,
798 1693 937 1772 nullum
957 1693 1051 1772 inter
1078 1695 1261 1774 Roeobum
1280 1699 1518 1775 etCesaream

353 1817 616 1897 «intercedere
650 1815 943 1923 impedimentum
970 1831 1116 1921 raptus,
1147 1842 1219 1922 quo
1251 1821 1518 1898 matrimonium

355 1941 578 2046 «prohiberi
614 1941 709 2022 inter
740 1965 800 2019 eos
829 1940 961 2020 valeat.
998 1941 1376 2035 verumenimvero,
1407 1967 1518 2048 super

355 2066 557 2143 «censuris
585 2064 796 2159 fulminatis,
841 2062 934 2142 idem
975 2062 1137 2141 vicarius
1169 2063 1405 2143 interlocutus
1445 2089 1518 2144 non

355 2187 481 2286 «luit;
503 2189 586 2267 bino
613 2189 741 2266 iterum
770 2202 891 2266 orator
918 2187 1071 2292 supplex
1099 2187 1273 2267 rediitad
1303 2187 1396 2266 hano
1421 2193 1457 2270 S.
1475 2193 1514 2268 C.

354 2336 460 2418 «pro
488 2311 704 2418 reportanda
731 2309 971 2390 declaratione
999 2335 1109 2415 super
1135 2335 1258 2388 earum
1278 2309 1522 2390 insubsisten-

354 2437 460 2514 ‹tia.
482 2440 706 2541 Quapropter
734 2434 894 2513 exhibito
922 2447 1082 2512 aetorum
1111 2457 1293 2538 processu,
1324 2433 1520 2513 concorda-

353 2563 515 2666 ‹tisque
543 2561 637 2667 binis
664 2559 799 2654 dubiis,
830 2573 996 2662 superest
1023 2557 1119 2662 qnod
1148 2562 1220 2637 ΕΕ.
1244 2562 1316 2636 VV.
1334 2561 1519 2663 sapienter

354 2717 373 2759 e
396 2685 586 2764 decernere
614 2707 686 2762 nou
714 2694 921 2785 graventur.
953 2685 985 2759 Ι.
1017 2688 1072 2760 do
1087 2681 1194 2760 obstet
1217 2693 1426 2787 praetensae
1455 2709 1521 2762 ro·

354 2823 477 2915 «ptos
504 2809 553 2887 od
580 2807 858 2888 contrabendum
884 2807 1156 2886 matrimonium
1184 2807 1221 2884 io
1250 2833 1349 2886 cusu.
1380 2811 1431 2886 ll.
1463 2815 1520 2886 Au

353 2963 373 3006 e
395 2955 562 3010 censurae
576 2931 842 3011 substioeootor
861 2929 899 3008 io
914 2957 999 3010 roso
1022 2960 1056 3006 ».
1080 2935 1117 3009 S.
1136 2933 1174 3008 C.
1193 2929 1395 3034 respondit:
1418 2930 1464 3008 ad
1484 2935 1516 3009 I.

350 3079 420 3134 ooo
447 3055 597 3134 obstare.
629 3055 682 3134 ld
711 3057 761 3134 ll.
793 3079 863 3134 esse
889 3053 1141 3134 absolvendum
1168 3052 1216 3131 od
1243 3051 1435 3131 cautelam.

432 3188 469 3258 8.
502 3181 671 3269 Quamvis
698 3205 742 3258 ex
771 3179 991 3258 resolutione
1006 3179 1110 3284 primi
1142 3177 1243 3256 dubii
1276 3177 1365 3256 nibil
1404 3178 1520 3283 possit

350 3305 442 3400 erui,
464 3303 561 3409 quod
590 3304 634 3382 ad
655 3329 728 3383 rem
747 3315 905 3382 nostram
925 3302 1032 3382 iaciat
1052 3301 1266 3405 (constituta
1285 3303 1380 3380 enim
1399 3301 1520 3382 luerat

352 3427 478 3506 mulier
506 3427 601 3531 apud
629 3427 817 3506 honestam
837 3440 1049 3522 matronam,
1071 3439 1113 3505 ut
1132 3425 1331 3504 omnimoda
1351 3425 1520 3504 libertate

351 3551 608 3656 perfrueretur,
639 3551 791 3656 ideoque
810 3577 882 3631 non
901 3551 1054 3656 amplius
1073 3550 1216 3630 obstare
1234 3561 1375 3655 poterat
1392 3563 1521 3656 raptus

352 3675 398 3754 ad
426 3675 689 3756 matrimonium
716 3674 998 3756 contrahendum
1027 3675 1058 3753 si
1077 3673 1235 3753 formalis
1253 3687 1379 3779 raptus
1407 3674 1525 3754 inter·-

351 3799 514 3904 luisset);
545 3813 665 3878 tamen
693 3799 826 3904 aliquid
878 3799 1018 3877 eruitur
1054 3823 1098 3876 en
1125 3797 1343 3877 resolutione
1370 3796 1521 3877 secundi

352 3921 468 4018 dubii,
490 3926 593 4002 cuius
612 3921 781 4002 resolutio
796 3909 977 4028 pendebat
997 3921 1153 4028 praecise
1174 3920 1219 3999 ab
1238 3920 1356 4000 indole
1374 3934 1518 4026 raptus.

351 4047 503 4125 Eruitur
521 4046 670 4142 seilicet,
694 4051 730 4124 S.
752 4057 790 4125 C.
813 4071 885 4124 non
900 4046 1081 4126 censuisse
1096 4057 1261 4125 constare
1280 4043 1324 4122 de
1339 4046 1522 4149 raptuqui

351 4169 540 4251 eadatsnb
558 4171 701 4250 decreto
738 4169 896 4249 Consilii.
928 4175 1060 4249 Tamen
1087 4185 1129 4250 ut
1155 4167 1342 4276 quodlibet
1369 4165 1521 4246 dubium

270 4312 276 4328 '
351 4309 615 4391 removeretur,
657 4295 748 4374 circa
775 4287 1149 4374 'excomunicationem
1177 4293 1317 4400 publice
1356 4292 1522 4372 declara-

350 4429 424 4496 tam
443 4419 637 4515 ineursam,
656 4419 857 4524 respondit:
880 4443 952 4498 ease
969 4417 1218 4499 absolvendum
1244 4415 1293 4494 od
1319 4413 1514 4494 coutelom.
