3456 5300
878 493 914 506 .-
937 460 975 522 76
998 495 1031 504 ...

375 583 518 690 proprie
545 585 664 664 aultns
692 584 885 692 disparitas
913 615 955 668 ea
985 589 1042 666 hia
1070 586 1296 690 intelligitur,
1328 611 1421 690 quae
1450 585 1542 664 inter

377 708 591 788 christianos
633 723 669 788 et
705 709 881 808 infideles,
922 715 996 792 sive
1038 713 1132 791 inter
1169 711 1369 816 baptizatos
1396 722 1433 789 et
1474 733 1543 788 non

378 832 577 938 baptizatos
619 833 823 914 intercedit.
848 841 941 916 -De
985 839 1051 915 boa
1088 835 1355 942 impedimento,
1400 847 1545 939 aaoepto

378 957 445 1037 sub
464 971 618 1064 utroque
640 959 759 1039 nultus
779 960 1002 1066 disparitatis
1030 987 1153 1057 sensu,
1175 961 1366 1068 praecipua
1387 959 1544 1039 delibare

378 1107 468 1188 opus
496 1095 564 1161 est.
597 1086 694 1162 Haeo
723 1083 832 1188 igitur
860 1085 1052 1166 statuenda
1080 1099 1184 1164 sunt:

456 1217 494 1288 2.
528 1207 715 1287 Primam:
744 1212 890 1316 Propria
910 1211 1026 1290 cultas
1055 1211 1267 1317 disparitas,
1287 1238 1379 1318 quae
1408 1224 1463 1289 ast
1490 1211 1545 1288 in·

377 1349 431 1415 ter
458 1333 680 1440 baptizatum
709 1351 745 1416 et
776 1363 846 1416 non
875 1337 1112 1444 baptizatum,
1145 1337 1407 1417 matrimonium
1436 1335 1544 1414 efficit

377 1459 585 1540 invalidum.

457 1597 495 1666 3.
527 1591 602 1666 Hoo
631 1604 751 1669 autem
771 1588 1062 1694 impedimentum
1092 1587 1189 1664 baud
1209 1587 1353 1692 quidem
1382 1587 1546 1666 natarali

377 1709 455 1788 iare
472 1711 738 1792 matrimonium
758 1712 907 1806 dirimit,
940 1727 980 1790 ut
1008 1713 1203 1790 communis
1231 1709 1334 1790 dooet
1354 1715 1543 1791 Doctorum

376 1837 555 1917 sententia
584 1838 658 1945 (l).
691 1837 873 1944 Siquidem
901 1837 1019 1916 oaltus
1047 1835 1240 1942 disparitas
1269 1862 1340 1915 non
1367 1850 1545 1943 repugnat

376 1962 592 2042 matrimonii
621 1964 846 2044 substantiae
889 1989 952 2040 seu
981 1961 1158 2040 essentiae
1190 1973 1226 2039 et
1254 1961 1335 2058 smi3
1367 1989 1408 2041 ea
1449 1964 1542 2042 enim

376 2101 522 2168 extante
551 2089 720 2190 aoniuges
748 2085 899 2187 obligari
928 2085 1079 2164 invicem
1107 2099 1259 2190 possunt
1287 2084 1331 2163 ad
1360 2086 1545 2166 cohabita-

374 2213 521 2307 tionem,
544 2211 655 2292 debiti
675 2211 912 2291 redditionem
939 2223 975 2290 et
1002 2210 1111 2314 prolis
1130 2209 1390 2290 educationem.
1423 2213 1543 2314 Iurgia

377 2347 511 2430 autem,
542 2361 652 2441 prava
686 2335 839 2415 filiorum
872 2333 1036 2414 adunatio
1065 2333 1206 2438 aliaque
1235 2331 1342 2428 mala,
1378 2360 1470 2440 quae
1498 2361 1541 2414 ex

373 2457 547 2537 eiusmodi
568 2457 742 2562 aoniugiis
770 2457 854 2537 oriri
885 2457 941 2536 rel
962 2457 1077 2536 timeri
1106 2473 1271 2562 possunt,
1309 2483 1379 2538 non
1398 2459 1541 2565 quidem

373 2561 527 2688 probant
555 2609 596 2662 ea
624 2581 789 2686 ooniugia
827 2607 904 2662 esse
933 2584 1010 2661 iare
1039 2595 1188 2662 naturae
1217 2583 1332 2680 irrita,
1369 2583 1432 2664 sed
1461 2597 1543 2663 tan-

373 2722 450 2786 tum
465 2705 597 2786 illicita
615 2708 839 2814 plerumque,
853 2722 890 2788 ot
904 2707 1119 2814 quandoque
1138 2706 1257 2796 licita,
1269 2711 1299 2786 si
1315 2708 1450 2787 soiliaet
1461 2734 1543 2812 gra-

374 2835 427 2912 vis
455 2847 601 2912 excusat
629 2835 824 2913 nenessitas
852 2847 887 2913 et
915 2859 1036 2912 eausa.
1079 2839 1194 2940 Atque
1224 2833 1273 2912 ita
1304 2831 1436 2912 lantum
1468 2845 1537 2928 est,

320 3025 325 3029 .
375 2973 415 3038 ut
443 2956 573 3038 nedum
602 2959 639 3036 in
677 2959 753 3060 lege
781 2959 894 3038 veteri
923 2959 1034 3063 aliqui
1068 2957 1190 3036 fideles
1223 2984 1302 3038 oum
1337 2957 1541 3037 infidelibus

373 3082 529 3186 coniugii
550 3081 674 3162 foedus
702 3081 862 3178 inierint,
885 3097 927 3163 ut
956 3083 1085 3190 loseph
1113 3109 1192 3162 aum
1221 3083 1294 3162 filia
1314 3083 1536 3188 PutiphariS,

373 3207 502 3286 Esther
531 3233 610 3286 oum
645 3213 815 3304 lssuer03
856 3208 916 3287 sed
947 3223 982 3286 at
1010 3211 1046 3286 in
1080 3233 1170 3287 nova
1210 3207 1286 3312 lege
1320 3208 1442 3314 primis
1475 3211 1542 3286 Ea-

372 3332 500 3410 alesiae
529 3333 659 3412 seoulis
687 3334 858 3412 eiusmodi
887 3359 958 3411 non
988 3333 1105 3412 desint
1134 3335 1319 3440 exempla:
1351 3334 1402 3412 sia
1421 3336 1541 3413 Caeai-

373 3457 417 3535 lia
448 3457 571 3562 nupsit
598 3457 786 3537 Valeriano
815 3458 932 3537 adbua
960 3458 1116 3553 ethnico,
1149 3458 1287 3537 llonioa
1306 3459 1456 3538 Patritio
1485 3457 1540 3535 in-

373 3579 482 3676 fideli,
514 3581 673 3661 Clotildis
702 3583 775 3684 regi
796 3587 1010 3662 Francorum
1039 3583 1212 3662 Clodoveo
1241 3582 1359 3662 adbua
1377 3607 1530 3688 pagana

371 3708 459 3811 quin
479 3707 661 3812 Scriptura
690 3721 725 3786 et
753 3707 910 3786 anlesia
939 3705 1112 3786 eiusmodi
1150 3707 1374 3786 matrimonia
1407 3731 1539 3785 oanan-

373 3813 518 3893 binatus
547 3827 630 3892 nota
650 3813 860 3906 inusserint,
893 3815 948 3892 vel
977 3815 1084 3893 etiam
1113 3814 1392 3920 improbaverint
1420 3815 1434 3908 l
1466 3814 1493 3915 ).

429 3929 488 4016 ’4.
515 3941 644 4044 Neque
672 3938 750 4017 iare
773 3939 934 4044 positivo·
955 3939 1078 4018 divino
1106 3937 1278 4017 eiusmodi
1308 3937 1541 4043 impedimen-

372 4076 447 4141 tum
476 4061 611 4142 dirimit
638 4063 915 4144 matrimonium.
946 4065 1035 4154 Ouia
1064 4062 1228 4169 quamvis
1257 4063 1323 4142 boa
1351 4062 1427 4141 iure
1450 4087 1538 4168 pra-

370 4185 519 4265 hibitam
548 4189 594 4265 sit
622 4187 897 4268 christianorum
926 4215 1004 4268 oum
1033 4187 1238 4267 infidelibus
1256 4187 1534 4282 matrimonium,

439 4381 480 4456 ll)
498 4383 615 4456 Pirhing
634 4383 685 4441 lib.
707 4390 734 4438 t.
756 4385 802 4441 tit.
825 4390 849 4440 t.
868 4401 899 4440 a.
921 4391 982 4441 tta.

442 4473 474 4542 ¹2]
495 4474 612 4546 Pirhing
633 4475 652 4530 l.
673 4489 696 4530 a.
716 4505 751 4515 -
774 4476 932 4534 Lenrenlns
953 4475 1004 4532 lib.
1027 4482 1051 4530 a.
1074 4477 1119 4533 tit.
1142 4482 1167 4530 t.
1188 4483 1299 4548 quaeat.
1322 4483 1382 4534 tto.
1403 4493 1434 4533 a.
1456 4481 1482 4531 t.
