3456 5300
846 417 882 430 ..
905 385 944 448 gg
969 418 1005 430 -

429 479 466 584 a.
490 503 692 602 Videndum
715 531 820 585 nunc,
843 505 999 586 breviter
1013 531 1061 584 an
1084 507 1240 587 solemne
1256 506 1433 586 castitatis
1448 511 1518 584 Vo-

349 643 439 726 tum,
461 630 535 708 sive
564 629 708 708 Ordinis
736 630 811 708 sive
831 631 1043 734 Religionis
1067 633 1137 710 rim
1165 631 1298 710 habeat
1321 631 1510 710 dirimendi

345 753 612 834 matrimonium
641 755 711 832 iarn
739 767 973 834 contractum.

427 881 534 956 Porro
561 877 824 956 matrimonium
852 878 923 956 iam
952 878 1080 958 initum
1100 879 1231 991 dicitur
1251 890 1388 970 rotatu,
1416 877 1513 983 quod

346 1015 427 1109 post
454 1001 672 1107 baptismum
709 1015 914 1107 susceptum
951 1015 1075 1082 mutuo
1113 1002 1400 1085 contrahentium
1428 1027 1517 1082 con-

348 1149 456 1202 sensu
484 1123 680 1228 perficitur,
713 1125 812 1202 nulla
840 1124 934 1204 inter
962 1125 1130 1228 coniuges
1159 1125 1351 1204 subsecuta
1381 1127 1515 1206 carnali

349 1246 475 1351 copula
504 1260 587 1352 apta
603 1247 648 1326 ad
669 1245 924 1350 generandum.
948 1249 1040 1338 Hinc
1055 1248 1123 1327 etsi
1143 1247 1337 1327 infidelium
1359 1274 1423 1326 seu
1443 1275 1515 1328 non

347 1367 608 1474 baptizatorum
636 1369 899 1448 matrimonium
927 1373 974 1450 sit
1002 1369 1303 1474 lepitimnm,non
1323 1385 1516 1450 esttamen

347 1505 465 1572 ratum
494 1492 568 1600 (1).
593 1494 857 1572 Matrimonium
872 1506 992 1572 autem
1009 1493 1268 1600 baptizatorum
1284 1493 1416 1572 dicitur
1435 1519 1516 1572 con-

347 1622 565 1691 summatum
593 1611 623 1690 si
652 1626 877 1716 postratum
910 1613 1113 1718 coniugium
1146 1615 1389 1694 intercesserit
1418 1615 1512 1694 inter

348 1762 408 1816 eos
436 1737 561 1842 copula
589 1762 652 1842 per
680 1763 718 1816 se
756 1751 839 1841 apta
873 1737 917 1814 ad
951 1737 1206 1840 generandum,
1246 1765 1319 1842 qun
1347 1739 1516 1842 coniuges

349 1855 442 1934 liunt
468 1881 540 1934 una
568 1880 663 1934 caro.
688 1861 806 1946 -Ouo
834 1859 951 1961 posito
979 1857 1224 1936 statuendum.

429 1990 466 2058 9.
503 1979 638 2059 Tertio:
679 1981 983 2060 «Matrimonium
1016 1997 1134 2062 ratum
1171 1983 1328 2062 fidelium
1366 2009 1428 2088 per
1456 2009 1517 2062 su-

350 2107 568 2210 sceptionem
583 2103 755 2184 Ordinum
777 2132 957 2214 sacrorum
977 2133 1048 2184 uon
1063 2107 1271 2186 dissolvitur
1289 2139 1324 2184 a.
1347 2114 1404 2188 lta
1423 2135 1517 2188 com-

274 2263 279 2270 ·
350 2227 469 2306 munis
498 2229 654 2306 omnium
682 2232 861 2308 sententia
890 2231 990 2308 iuna
1018 2229 1231 2326 decisionem
1252 2229 1398 2309 loannis
1416 2233 1517 2309 XXII

351 2352 408 2430 his
435 2351 555 2432 verbis
582 2377 803 2456 expressam:
840 2353 1053 2458 <Antiquae
1080 2353 1333 2432 concertationi
1361 2353 1428 2458 (au
1448 2355 1517 2432 sci-

349 2473 433 2552 licet
462 2475 725 2553 matrimonium
753 2488 871 2554 ratum
899 2502 971 2554 nou
990 2491 1271 2556 consummatum
1301 2475 1517 2556 dissolvatur

348 2623 413 2706 por
441 2599 702 2703 susceptionem
727 2597 821 2689 ,sacri
851 2599 1009 2694 Ordinis,
1041 2600 1094 2678 uti
1122 2599 1329 2680 dissolvitur
1344 2627 1407 2706 per
1435 2627 1517 2706 pro-

350 2721 538 2800 fessionem
567 2721 783 2824 religiosam)
811 2719 917 2826 finem
937 2721 1113 2827 cupientes
1129 2721 1331 2828 imponere.
1354 2783 1362 2798 .
1385 2749 1518 2828 prae·

349 2843 442 2922 seuti
469 2839 695 2922 declaramus
722 2844 850 2932 edicto,
879 2845 971 2950 quod
999 2845 1080 2924 licet
1107 2857 1227 2924 uotum
1248 2845 1516 2925 solemnizatum

346 2993 411 3073 per
440 2967 537 3046 socri
564 2967 815 3073 susceptionem
856 2969 1018 3056 Ordinis,
1047 2983 1221 3075 quantum
1249 2969 1296 3049 cd
1324 2971 1519 3078 impedien-

349 3093 435 3176 dum
463 3091 733 3171 matrimonium
761 3093 1058 3181 contradendum,
1087 3121 1129 3172 uc
1156 3093 1204 3172 ad
1231 3093 1470 3174 dirimendum
1485 3095 1518 3173 si

346 3227 428 3319 post
455 3227 675 3310 contractum
710 3215 838 3320 fuerit,
873 3215 1063 3296 secuudum
1095 3229 1231 3295 statuta
1267 3244 1441 3297 cononum
1469 3219 1517 3298 sit

351 3339 473 3444 efficax
502 3339 760 3443 reputandum:
790 3339 837 3418 ud
864 3339 1126 3420 dissoluendum
1161 3351 1277 3419 tamen
1300 3342 1405 3447 prius
1434 3367 1518 3420 cen·

352 3474 523 3548 tractum,
557 3461 724 3541 etiamsi
758 3463 968 3568 percomis
1005 3463 1167 3570 copulam
1200 3491 1269 3542 non
1295 3465 1409 3572 suerit
1434 3491 1518 3543 corc-

351 3599 568 3666 summatum
569 3643 704 3672 .....
723 3587 924 3666 inualidum
952 3599 1003 3666 est
1030 3589 1277 3668 censendum>
1307 3590 1322 3694 (
1351 3593 1381 3692 ).
1487 3654 1497 3674 ,

433 3719 495 3791 10.
531 3717 691 3801 Quarto:
722 3711 1026 3790 «Matrimonium
1055 3723 1174 3790 ratum
1203 3737 1274 3789 non
1294 3737 1517 3790 consumma-

351 3847 427 3912 tum
455 3833 661 3914 dissolvitur
689 3859 752 3938 per
780 3835 972 3914 solemnem
990 3833 1243 3940 professionem
1258 3833 1457 3938 religiosam
1477 3868 1512 3914 ».

350 3963 407 4037 Ita
444 3982 565 4037 omnes
602 3957 772 4036 Catholici
809 3971 947 4055 tenent,
979 3960 1033 4038 uti
1070 3959 1228 4038 decisum
1265 3958 1332 4038 luit
1361 3985 1381 4036 a
1410 3965 1517 4038 loan-

423 4183 463 4259 [1)
482 4185 548 4256 Cep.
568 4191 682 4257 quanto
699 4189 725 4241 7.
746 4184 780 4240 de
798 4183 945 4243 diuortiis.

424 4271 462 4345 lt)
481 4273 594 4331 Extrav'.
614 4273 759 4346 Antiquae
776 4273 987 4332 nonantuliani
1006 4277 1085 4331 loan.
1109 4275 1185 4332 1111
1204 4275 1237 4332 de
1256 4281 1319 4332 coto
1340 4281 1365 4334 et
1384 4274 1443 4334 cett
1461 4289 1510 4330 re·

357 4361 529 4434 annectam.
