3444 5302
940 519 1074 580 ..4-

710 703 781 746 *a
809 675 879 757 quo
904 641 949 722 ad
981 637 1163 718 vinculum
1195 637 1358 734 dissolvi,
1399 653 1440 718 ut
1466 639 1588 720 Graeci

628 864 634 875 ¹
728 785 904 856 „statutae
931 763 1064 869 aliique
1092 762 1264 844 haeretici
1294 763 1455 844 sentiunt
1481 763 1552 870 (1).

599 957 663 1004 q..
713 903 817 983 adrat
848 891 885 970 in
918 911 983 966 suo
1015 886 1141 968 robore
1174 887 1390 968 matrimonii
1429 887 1525 968 valor
1561 888 1591 966 si

691 1037 815 1108 cuturn
843 1010 988 1118 quidem
1024 1025 1143 1106 errat,
1184 1025 1221 1092 at
1253 1037 1326 1092 non
1352 1012 1469 1118 quoad
1506 1010 1593 1091 sub-

523 1198 619 1243 ...aa
653 1149 713 1231 sol
757 1135 874 1246 quoad
915 1160 1088 1240 personae
1125 1135 1347 1242 qualitateS‚
1392 1149 1432 1215 ut
1469 1136 1497 1214 si
1537 1137 1594 1214 tir

514 1307 617 1368 uam
642 1275 746 1356 tout
773 1284 935 1354 uxorem,
965 1285 1074 1364 quam
1103 1259 1250 1340 divitem
1268 1259 1421 1368 putabat
1444 1259 1499 1338 vel
1525 1283 1591 1337 no·

450 1441 538 1493 w„
570 1415 631 1484 aar
664 1388 854 1492 virginem,
895 1409 1074 1490 quamque
1112 1409 1320 1490 pauperem,
1350 1381 1523 1490 plebeiam
1551 1409 1592 1462 ac

434 1541 634 1623 „dalmatam
652 1511 811 1596 inveniat
831 1506 906 1616 (t).
938 1507 1071 1614 Excipe
1095 1519 1215 1588 tamon
1232 1510 1264 1588 si
1283 1533 1381 1588 error
1407 1508 1589 1614 qualitatis

433 1659 587 1741 trauseat
614 1632 807 1744 aliquando
835 1631 873 1711 in
906 1656 1060 1714 ararem
1095 1655 1288 1737 personae,
1324 1657 1433 1737 quum
1465 1654 1588 1736 nempe

429 1773 583 1888 qualitas
611 1765 746 1864 inqua
775 1769 916 1835 erratur
944 1768 1077 1835 certam
1105 1755 1262 1860 aliquam
1282 1755 1494 1835 determinat
1511 1778 1595 1859 per·

429 1916 564 1986 scurram,
596 1883 801 1964 distinctam
829 1879 875 1958 ab
904 1905 945 1957 ea
973 1903 1066 1984 quae
1095 1901 1265 1984 praesens
1285 1891 1340 1958 est
1368 1892 1404 1958 et
1428 1878 1594 1982 aquavis

428 2021 512 2112 alia,
545 2025 584 2092 ut
611 2012 640 2088 si
669 2003 837 2085 intendas
865 2002 1077 2084 contrahere
1105 2029 1185 2084 cum
1212 2001 1463 2112 primogenita,
1484 2025 1590 2106 quam

427 2141 530 2222 alitor
558 2155 629 2210 non
658 2127 803 2222 novisti,
834 2141 872 2206 et
898 2128 976 2206 eius
1005 2127 1083 2206 loco
1110 2127 1180 2205 alia
1209 2153 1307 2206 soror
1326 2124 1488 2205 ducenda
1519 2137 1594 2203 tra-

396 2263 545 2346 datur.
578 2258 676 2332 Tunc
703 2249 798 2330 enim
826 2276 924 2334 error
952 2251 1101 2356 impedit
1128 2275 1341 2331 consensum
1365 2249 1402 2328 in
1421 2247 1590 2329 substan-

426 2383 510 2465 tiale
538 2376 739 2457 subiectum
767 2399 831 2480 per
859 2373 956 2484 illam
984 2375 1195 2479 qualitatem
1220 2376 1494 2456 determinatum
1513 2371 1589 2480 (3).

506 2513 544 2580 l.
576 2505 706 2580 Verum
735 2511 807 2578 tam
836 2501 866 2576 si
895 2498 983 2578 iuris
1011 2524 1109 2580 error
1136 2501 1351 2580 matrimonii
1371 2497 1595 2578 substantiae
1704 2531 1705 2614 ἴ

426 2649 645 2734 repugnem,
667 2647 775 2727 quam
794 2621 824 2702 si
845 2621 1074 2702 accidentalis
1093 2621 1270 2727 quaedam
1294 2621 1463 2728 qualitaS,
1486 2643 1596 2724 quam
1704 2615 1705 2639 ¹

426 2753 508 2856 quis
534 2774 598 2853 per
626 2771 780 2824 errorem
808 2759 913 2851 putat
946 2759 1083 2841 extare,
1123 2745 1187 2826 sed
1215 2771 1339 2826 revera
1371 2769 1442 2824 non
1474 2755 1589 2837 extat,

427 2871 627 2954 deducatur
655 2869 693 2948 in
721 2882 865 2976 pactum
901 2895 965 2950 seu
998 2867 1254 2966 conditionem,
1291 2883 1332 2950 ut
1365 2869 1485 2962 aiunt,
1519 2863 1593 2944 sicce
1703 2859 1704 2918 i

427 3023 499 3104 qao
526 3019 612 3082 ooo,
641 2993 905 3074 matrimonium
933 3019 977 3074 er
1005 2991 1146 3077 delectu
1175 3019 1369 3074 consensus
1397 2993 1465 3072 erit
1492 2992 1595 3072 inra-

425 3118 538 3196 lidum
567 3116 642 3223 (t).
678 3121 879 3196 Consensus
911 3118 1008 3198 enim
1039 3117 1306 3198 conditionatus
1333 3117 1470 3212 delicit,
1506 3113 1595 3194 deli·
1702 3197 1703 3226 Γ

426 3241 543 3318 ciente
580 3237 805 3336 conditione,
845 3241 902 3320 cui
940 3241 1122 3344 alligatur.
1168 3241 1433 3322 advertendum
1475 3251 1591 3318 tamon
1702 3235 1703 3262 ¹

427 3376 496 3458 est,
528 3385 740 3441 consensum
769 3365 806 3442 in
839 3363 914 3444 loro
947 3379 1095 3445 externo
1122 3368 1260 3448 censeri
1293 3364 1497 3446 ahsolutum
1523 3362 1593 3442 nisi

428 3485 583 3566 conditio
610 3488 767 3568 euterius
795 3489 1031 3591 exprimatur.

499 3713 532 3784 [l]
551 3713 599 3772 Clr
617 3715 758 3772 Benedict.
780 3719 840 3775 xlv
859 3717 894 3775 de
922 3719 1036 3790 Synodo
1058 3717 1110 3776 tto.
1132 3723 1177 3774 tt.
1196 3733 1259 3792 cop.
1285 3723 1328 3776 22.
1348 3717 1378 3789 S.
1398 3719 1435 3786 4;
1455 3715 1506 3775 ubi
1525 3715 1593 3776 citat

427 3799 684 3962 {chprangpqpber
693 3804 728 3860 ad
741 3805 786 3861 tit.
799 3805 938 3865 Decretat.
953 3805 1215 3864 decendtttootbos
1228 3807 1372 3880 oppositis
1384 3807 1419 3862 lo
1431 3805 1592 3875 desponsat.
1700 3897 1701 3902 γ

498 3978 540 4052 (t)
560 3981 685 4038 Sanchez
703 3982 737 4039 dc
755 3931 948 4044 matrimonio
969 3983 1021 4042 lib.
1042 3989 1067 4041 7.
1090 3967 1165 4056 disp.
1187 3989 1231 4042 48.
1251 3999 1281 4040 a.
1297 3989 1340 4041 18.

497 4064 535 4143 13)
549 4063 620 4121 Vide
635 4066 781 4136 synodum
797 4069 928 4138 provinc.
944 4069 1151 4126 Maronitarum
1166 4083 1212 4125 an.
1238 4069 1308 4126 1736
1323 4069 1353 4124 in
1374 4069 1466 4124 Monte
1485 4066 1596 4124 Libano

429 4151 602 4210 celebratam
621 4159 648 4210 et
666 4153 702 4210 ab
720 4155 875 4226 apostolica
896 4155 968 4214 sedo
986 4155 1183 4228 approbatam,
1213 4163 1296 4228 port.
1316 4161 1342 4211 2.
1363 4169 1426 4228 cop.
1449 4159 1491 4211 tt.
1513 4153 1545 4225 S.
1564 4153 1593 4210 8·
1699 4205 1700 4220 .

427 4259 459 4302 a·
480 4247 507 4298 t.
526 4243 628 4302 -sed
648 4243 690 4302 clr
708 4245 939 4304 etiam'sauchez
959 4243 1057 4314 lib-e.
1079 4247 1157 4320 disp.
1178 4251 1222 4304 te.
1242 4262 1273 4304 o.
1286 4253 1320 4304 25
1332 4253 1361 4305 et
1373 4261 1446 4320 seqq.
1467 4257 1590 4317 qaorum

429 4345 572 4390 summam
591 4333 640 4391 dat
656 4349 689 4390 o.
708 4339 752 4391 38.

500 4419 537 4492 (4)
555 4421 699 4480 benedict.
717 4423 779 4480 xlv
797 4423 872 4482 tcta
892 4423 922 4494 S.
944 4425 960 4480 5
982 4431 1011 4482 et
1034 4437 1112 4494 seqq.
1133 4453 1169 4464 -
1193 4423 1351 4486 ccuroutus
1379 4425 1489 4482 Forum
1517 4419 1591 4477 Eccl.

428 4521 481 4566 seu
499 4511 522 4566 1.
543 4512 572 4568 c.
595 4512 628 4568 u.
651 4511 702 4568 tto.
724 4518 748 4567 r.
771 4511 816 4570 ate.
837 4517 864 4570 s.
885 4518 995 4584 quaest.
1016 4515 1076 4570 rac.
1098 4528 1127 4569 o.
1149 4519 1175 4570 a.
1698 4501 1699 4532 ⁷
