3456 5300
900 430 937 443 -
958 399 998 460 82
1019 429 1056 442 -

317 577 320 586 ,
396 537 637 619 assecuretur,
655 522 979 627 Ecclesia-denegat
998 525 1036 602 iu
1050 527 1190 626 siguum
1202 519 1462 627 reprobationis
1478 521 1560 601 tali·-

394 649 463 730 bus
491 647 725 726 matrimoniis
749 645 1032 726 benedictionem
1051 644 1324 741 sacerdotalem3
1356 659 1465 750 atque
1498 659 1561 724 aut

394 771 535 878 passive
554 771 668 850 solum
695 769 885 850 assistente
913 769 1087 848 catholico
1115 769 1283 874 parocho,
1311 792 1428 846 coram
1455 792 1497 848 eo
1524 781 1562 846 et

392 895 547 974 testibus
565 893 756 974 enunciata
775 919 838 998 per
857 907 978 1000 partes
997 916 1173 972 consensu
1193 889 1455 970 matrimonium
1475 915 1560 970 cou-

394 1018 565 1113 trahitur,
597 1030 659 1098 aut
689 1041 772 1094 vero
800 1040 928 1118 coram
945 1015 1109 1095 Ministro
1137 1013 1385 1094 confessionali
1414 1013 1561 1092 acatho-

396 1141 464 1220 lico
498 1140 558 1246 (1)
604 1140 641 1218 in
687 1140 893 1244 Huugaria,
938 1139 989 1218 sic
1030 1137 1337 1220 consentientibus
1378 1137 1557 1244 partibus,

395 1265 614 1346 instituitur.
637 1309 661 1324 -
682 1263 826 1344 Clericis
853 1278 973 1344 autem
1001 1262 1265 1344 matrimonium
1293 1287 1372 1342 cum
1406 1261 1562 1340 haereti-

393 1391 444 1469 cis
476 1389 639 1469 absolute
668 1388 878 1495 prohibetur
911 1414 1045 1470 canone
1078 1393 1158 1468 iiiii
1186 1387 1330 1466 Concilii
1368 1386 1562 1468 Chalcedo-

395 1516 561 1592 nensis»
593 1514 667 1616 (2).

477 1646 540 1716 13.
564 1619 608 1714 it
627 1637 790 1740 quamvis
809 1661 865 1728 ea,
896 1659 989 1740 quae
1009 1631 1053 1712 de
1072 1632 1228 1714 Ecclesia
1248 1645 1285 1712 et
1312 1630 1560 1711 benedictione

393 1759 540 1866 parochi
569 1760 606 1838 in
634 1756 807 1838 eiusmodi
836 1759 967 1836 mixtae
995 1755 1178 1858 religionis
1196 1755 1371 1858 coniugiis
1397 1757 1471 1831 Di),
1494 1753 1558 1832 do-

393 1896 490 1972 cent,
520 1881 566 1960 ad
584 1881 753 1960 amussim
769 1893 968 1984 congruant
987 1903 1067 1957 cum
1085 1878 1384 1958 instructionibus
1403 1903 1444 1956 ac
1462 1877 1562 1957 deci·

392 2005 553 2086 sionibus
594 2010 630 2084 s.
662 2010 700 2084 C.
746 2003 1008 2110 inquisitionis,
1040 2014 1159 2082 tamen
1187 2002 1426 2082 ecclesiastica
1469 2003 1558 2082 haec

392 2129 614 2234 disciplina,
661 2154 725 2233 pro
770 2153 889 2208 rerum
934 2125 1145 2220 adiunctis,
1199 2129 1427 2236 exceptiones
1481 2128 1557 2231 pati

395 2265 512 2356 potest
540 2254 660 2355 vigore
701 2252 831 2330 citatae
872 2248 1120 2330 instructionis
1150 2247 1221 2328 diei
1252 2259 1299 2328 15
1328 2274 1411 2327 661.
1458 2257 1560 2330 1858

395 2378 495 2454 iussu
523 2375 577 2454 Pii
604 2379 656 2456 iil
681 2374 727 2452 ad
768 2398 889 2453 omnes
916 2399 1098 2452 sacrorum
1139 2371 1327 2452 iutistites
1369 2371 1414 2450 (16
1441 2371 1563 2451 mixtis

395 2499 631 2580 matrimoniis
650 2479 768 2577 datae.
798 2501 895 2578 Haec
923 2497 1016 2576 enim
1044 2494 1088 2575 de
1117 2495 1183 2574 hoc
1211 2507 1420 2598 argumento
1447 2496 1485 2572 in
1521 2518 1564 2572 ea

396 2621 599 2702 habentur:
646 2619 788 2711 <Quod
829 2626 859 2700 si
879 2621 940 2732 ,iu
979 2619 1161 2724 aliquibus
1201 2618 1288 2698 locis
1328 2617 1420 2697 sacri
1462 2615 1566 2696 inti·

396 2749 498 2827 stites
517 2744 766 2850 cognoverint,
793 2743 936 2824 easdem
955 2744 1177 2824 conditiones
1196 2744 1336 2852 impleri
1364 2742 1461 2823 haud
1480 2768 1565 2850 pos-

395 2896 448 2966 se,
479 2869 567 2978 quiu
594 2869 766 2974 praviora
794 2868 1115 2950 extaediantur
1143 2869 1276 2948 dumne
1303 2896 1344 2948 ac
1371 2869 1497 2962 mola,·
1526 2871 1564 2950 iu

396 2997 463 3090 hoc
490 3021 576 3076 casu
616 3007 758 3098 tanturn
786 2995 966 3074 Sanctitas
1007 2999 1077 3074 Sua
1106 2995 1154 3076 ud
1180 2996 1383 3076 huiusmodi
1422 2995 1565 3100 meiero

394 3120 531 3199 damon
558 3145 599 3198 oc
627 3117 727 3198 malo
758 3117 909 3197 citando
942 3120 1012 3224 (3),
1057 3119 1226 3224 prudenti
1254 3120 1458 3200 eorumdem
1498 3102 1564 3198 86-Ι

396 3269 536 3326 crorum
572 3245 782 3342 Antistitum
823 3244 972 3324 arbitrio
1012 3245 1216 3340 committit,
1258 3261 1300 3326 ut
1327 3247 1410 3352 ipsi,
1454 3247 1564 3327 salvis

396 3370 578 3476 firmisque
605 3393 744 3476 semper
781 3393 822 3448 ac
850 3369 1041 3473 diligenter
1077 3371 1229 3450 serratis
1256 3370 1483 3452 cautionibus
1520 3371 1563 3451 de

468 3597 922 3672 [1)iiicbist0riceenuuciatur
946 3597 1061 3665 lactum,
1086 3599 1164 3670 quod
1188 3605 1283 3656 tamen
1309 3599 1431 3658 Ecclesia
1451 3599 1562 3658 nedum

397 3701 456 3746 uon
475 3687 624 3760 approbat,
645 3687 695 3744 sed
714 3701 767 3744 uec
786 3687 897 3744 tolerat.

468 3775 506 3848 (2)
526 3776 609 3846 Apud
629 3774 848 3848 Papp-Sziiagyi
870 3775 890 3832 1.
909 3791 933 3833 c.
953 3774 983 3846 S.
1004 3779 1065 3833 111.
1082 3791 1175 3848 pepp.
1196 3782 1330 3834 tto-tto.

465 3863 507 3936 (3)
525 3867 596 3922 cum
616 3865 746 3922 Vioarius
765 3865 941 3936 apostolicus
962 3865 1096 3936 iiaysurii
1116 3864 1203 3924 dubia
1222 3865 1364 3937 quaedam
1378 3867 1561 3938 proposuerit

397 3955 425 4010 S.
445 3954 475 4010 G.
487 3953 522 4010 de
533 3955 653 4025 Propag.
670 3957 699 4009 11.
714 3953 808 4025 (66661
828 3953 1089 4024 interpretationem
1104 3953 1192 4010 huius
1206 3955 1425 4022 instructionis,
1442 3961 1471 4012 61
1483 3969 1565 4026 prae·

396 4041 494 4099 sertim
514 4043 584 4114 quid
604 4043 821 4115 intelligendum
839 4049 913 4100 esset
932 4057 981 4114 per
1000 4043 1086 4100 verba
1107 4042 1213 4114 quibus
1227 4043 1257 4100 iu
1271 4043 1370 4100 eadem
1389 4043 1525 4100 inuititur
1536 4049 1565 4100 et

396 4129 479 4202 quasi
500 4127 605 4202 ligatur
624 4129 745 4188 iacuitas
765 4145 817 4188 seu
836 4129 984 4187 tolerantia
995 4129 1182 4188 benedicendi
1195 4131 1283 4187 mixta
1299 4130 1493 4200 matrimonia,
1510 4131 1564 4188 sci·

396 4215 462 4274 licet
479 4217 519 4290 od
538 4217 662 4276 vitando
679 4217 824 4290 praviore
841 4217 924 4275 malo
941 4225 968 4274 61
987 4217 1108 4288 damno,
1132 4218 1233 4276 eadem
1252 4221 1280 4276 S·
1297 4223 1327 4277 c.
1348 4219 1395 4277 (116
1414 4222 1432 4276 l
1451 4219 1565 4279 decem-

399 4303 460 4360 bris
480 4307 550 4382 1861
568 4307 660 4366 eidem
683 4307 792 4378 vicario
805 4321 851 4379 66.
867 4305 1012 4376 respoudit
1031 4319 1080 4376 per
1099 4305 1208 4366 litteras
1220 4309 1375 4380 Supremas
1393 4309 1462 4367 s.c.
1476 4313 1506 4368 S.
1519 4311 1566 4369 Oi·

398 4389 471 4448 licii:
493 4395 619 4452 «Procul
638 4395 728 4453 dubio
747 4396 879 4468 graviora
892 4393 957 4451 iude
969 4395 1103 4453 oriuntur
1122 4395 1197 4454 mala
1211 4403 1239 4454 et
1253 4396 1358 4454 damna
1378 4397 1414 4454 1·.
1435 4397 1566 4464 Quoties-

1701 243 1708 310 i
