3444 5302
705 473 841 511 ..[-

615 673 871 790 inueunus
899 715 949 790 11.

494 940 539 1016 Ite
562 939 789 1032 impedimento
811 957 833 1012 s
855 937 1070 1014 sinrlotisne.

283 1213 318 1282 t.
360 1203 623 1283 Matrimonium
660 1203 795 1282 dirimit
833 1201 1042 1289 simulatio,
1079 1227 1173 1307 qnae
1210 1203 1364 1284 habetur

199 1353 280 1406 cum
306 1327 389 1433 quis
415 1328 536 1407 verbis
563 1327 708 1434 quidem
737 1326 791 1406 vel
819 1327 900 1406 aliis
927 1328 1087 1408 externis
1122 1327 1235 1432 signis
1261 1329 1366 1434 fingit

199 1475 237 1530 se
264 1451 490 1547 contrahere,
530 1465 569 1530 at
600 1451 720 1530 animo
750 1453 893 1530 omnino
920 1450 1105 1572 dissentit,
1141 1453 1277 1534 seilicet
1308 1453 1366 1532 in-

197 1573 316 1654 tendit
342 1599 414 1654 non
442 1574 667 1655 contrahere.
698 1579 797 1654 Tune
824 1574 918 1654 enim
952 1573 1137 1656 deficiente
1170 1603 1360 1675 consensu,

200 1695 319 1777 delicit
345 1711 382 1777 et
409 1697 614 1779 substantia
645 1711 851 1778 contractus
880 1699 954 1805 (1).

280 1819 545 1901 Advertendum
565 1835 685 1900 tamen
712 1835 780 1916 est,
803 1845 875 1900 non
893 1821 987 1900 idem
1015 1845 1154 1928 semper
1182 1821 1366 1902 terendum

199 1971 277 2026 esse
306 1945 477 2026 iudicium
505 1950 543 2024 in
569 1947 650 2052 soro
676 1959 837 2032 tutuno,
866 1971 981 2052 aeque
1008 1971 1049 2024 ac
1068 1948 1105 2025 in
1133 1946 1274 2026 luterum
1300 1971 1365 2026 seu

200 2071 451 2151 eonscientiae.
483 2075 526 2149 ln
554 2069 629 2149 loro
661 2072 755 2150 enim
789 2082 937 2149 externo
970 2069 1232 2150 matrimonium
1264 2071 1361 2165 eius,

200 2196 263 2300 qui
296 2193 378 2273 licto
411 2219 448 2272 se
481 2193 701 2273 contraxisse
733 2206 890 2288 asserat,
926 2193 1083 2274 validum
1111 2197 1254 2275 omniuo
1281 2221 1366 2275 cen-

202 2331 301 2397 setur
318 2316 490 2422 quamdiu
510 2317 689 2396 simulatio
708 2316 1000 2396 luculentissimis
1015 2343 1087 2396 non
1101 2317 1365 2399 demonstretur

201 2441 421 2546 argumentis
451 2440 617 2546 (2).-1n
644 2439 719 2518 iero
747 2455 867 2520 auum
894 2441 1133 2521 conscientiae
1161 2442 1365 2522 huiusmodi

201 2564 465 2644 matrimonium
498 2577 539 2644 ut
571 2564 711 2644 irritum
744 2562 949 2644 habendum
986 2577 1183 2660 esset3-et
1215 2591 1253 2644 se
1284 2565 1364 2644 ficte

199 2688 420 2767 consensisse
449 2671 623 2767 asserenti
652 2711 694 2768 oa
722 2686 838 2766 lorent
864 2686 1061 2791 prudenter
1088 2687 1364 2793 praescribenda

203 2835 295 2916 quae
324 2837 344 2888 a
371 2810 548 2914 theologis
576 2823 741 2890 accurate
768 2823 954 2889 notantur.

276 2943 314 3013 2.
346 2933 399 3012 td
419 2933 651 3044 amovendam
669 2933 780 3038 igitur
799 2932 1062 3013 simulationem
1085 2935 1123 3012 in
1143 2932 1217 3012 loro
1236 2933 1363 3014 saltem

198 3071 359 3152 artemo,
389 3081 585 3138 consensus
612 3057 668 3136 vel
696 3056 816 3136 verbis
838 3057 894 3134 vol
917 3055 996 3134 aliis
1023 3057 1183 3136 externis
1209 3057 1365 3136 sensibi-

198 3180 293 3259 libus
311 3179 438 3284 eignis,
462 3191 502 3259 ut
520 3179 637 3276 innui,
660 3193 716 3259 est
735 3178 1003 3286 exprimendus.
1035 3182 1082 3259 Et
1100 3178 1196 3284 apud
1217 3180 1365 3259 Latinos

200 3303 383 3383 notissima
403 3318 458 3382 ost
477 3303 626 3382 termula
654 3305 691 3382 in
720 3308 882 3383 Romano
901 3303 1041 3382 Rituaii
1069 3303 1290 3409 praescripta
1319 3303 1364 3382 ad

200 3425 469 3531 exprimendum
498 3451 726 3506 eonsensum.

279 3561 316 3630 3.
347 3555 478 3630 Verum
512 3552 549 3629 in
578 3550 734 3630 Ecclesia
764 3549 947 3630 'Orieutoli
979 3549 1078 3628 varia
1106 3563 1161 3629 est
1188 3551 1226 3628 in
1259 3573 1368 3656 spon·

201 3673 337 3752 salibus
377 3686 415 3755 et
455 3674 679 3754 matrimonio
720 3671 944 3754 celebrandis
977 3671 1121 3752 ritualis
1161 3671 1364 3778 disciplina.

200 3801 304 3876 quta
330 3821 464 3877 morem
490 3803 720 3892 Graecorum,
751 3800 805 3876 vir
832 3811 869 3876 et
891 3797 1033 3890 mulier,
1064 3795 1128 3900 qui
1156 3795 1231 3874 siue
1259 3819 1369 3900 spen-

200 3919 288 3998 salia
306 3921 382 3999 sive
400 3921 666 4002 matrimonium
685 3921 896 4000 contrahere
916 3920 1057 4014 velunt,
1089 3945 1110 3996 a
1129 3917 1284 4023 parocho
1303 3942 1368 3997 seu

200 4041 383 4123 sacerdote
411 4043 679 4147 interrogantur
698 4043 742 4123 de
761 4069 883 4123 eorum
912 4041 1024 4122 libero
1043 4041 1082 4120 in
1100 4041 1368 4121 matrimonium

203 4165 703 4297 contrahendumoonsensu.
741 4172 816 4257 Ona
844 4168 1029 4246 voluntate
1062 4165 1237 4246 sacerdoti
1266 4179 1368 4272 pate-

273 4357 308 4430 tt)
326 4357 374 4416 ctr
395 4371 457 4430 sap.
470 4365 522 4416 tuo
532 4373 583 4416 uos
594 4359 678 4430 tos.
690 4373 742 4416 uos
755 4364 863 4428 autem,
878 4359 912 4415 de
922 4359 1148 4430 spomottbuset
1159 4359 1366 4418 matrimonio.

273 4446 371 4524 illm
389 4447 439 4505 eit.
458 4459 522 4520 con.
542 4451 585 4516 tt,
609 4447 644 4505 de
660 4447 790 4520 spumat.
810 4454 836 4506 et
853 4448 990 4506 matrim.
