3446 5298
684 481 858 546 -b'rb-

636 810 916 896 APPENDIX

191 1071 396 1149 Quonunonrr
421 1089 681 1136 nonunanronurr
706 1089 920 1136 nrosrocrcrn
949 1071 1042 1136 Snors
1058 1089 1140 1144 ounn
1158 1090 1272 1137 rnssru

281 1197 313 1240 m
337 1197 482 1250 uranour
508 1196 601 1241 nurus
623 1197 734 1241 ornnrs
758 1197 862 1241 rnarn
886 1195 1072 1241 crraurun.
1125 1223 1133 1241 .
1180 1196 1267 1266 pop.
1293 1181 1357 1246 367

192 1371 219 1436 1.
245 1369 463 1438 Constitutio
486 1369 665 1438 Benedicti
690 1373 753 1436 ΡΡ.
773 1372 859 1454 mr,
878 1370 915 1436 in
932 1388 1001 1457 qua
1017 1369 1271 1458 praescribitur

281 1476 364 1545 ordo
388 1481 426 1544 et
449 1477 560 1545 lorma
587 1477 622 1544 in
647 1476 785 1546 iudiciis
809 1495 994 1544 causarum
1027 1475 1270 1546 matrimonia-

280 1578 368 1647 lium
396 1599 500 1666 super
523 1578 832 1648 matrimoniorum
861 1577 1049 1646 validitate
1073 1579 1139 1648 ivel
1168 1580 1272 1647 nulli-

280 1685 581 1756 tatedeclaranda
603 1685 796 1754 servandus
835 1734 1200 1754 .......
1249 1716 1265 1751 n
1309 1687 1358 1759 ib.

190 1794 230 1858 11.
258 1793 452 1862 instructio
488 1791 582 1860 edita
615 1812 634 1858 a
666 1812 693 1860 s.
721 1790 997 1879 congregatione
1033 1791 1179 1860 Concilii
1214 1793 1270 1861 die

280 1906 321 1968 12
345 1899 486 1987 augusti
508 1904 589 1966 1810
613 1919 676 1987 pro
692 1897 914 1968 coniectione
936 1917 1118 1986 processus
1134 1900 1171 1966 in
1188 1920 1268 1968 cau-

279 2005 327 2074 sis
350 2004 672 2074 matrimonialibus
719 2051 1199 2070 .........
1249 2033 1265 2068 n
1294 2011 1357 2074 381

190 2113 247 2178 111.
270 2111 463 2180 instructio
480 2129 661 2200 supremae
679 2109 964 2197 Congregationis
988 2112 1019 2176 S.
1034 2111 1072 2176 0.
1093 2111 1269 2198 sequenda

279 2218 316 2286 in
339 2215 553 2287 conficiendo
574 2236 736 2306 processu
761 2235 863 2304 super
889 2213 955 2282 viri
980 2213 1204 2304 impotentia,
1231 2221 1269 2285 et

278 2345 348 2392 non
365 2330 486 2394 secuta
506 2321 724 2391 matrimonii
742 2320 1059 2405 consummatione,
1079 2321 1268 2391 accedente

278 2430 406 2500 summi
431 2427 611 2498 Pontificio
626 2427 886 2517 dispensatione
904 2427 948 2494 ab
965 2433 1130 2496 accurata
1152 2429 1268 2497 obser-

279 2535 402 2604 vantia
419 2533 735 2624 praescriptionum
751 2534 870 2602 Bullae
887 2533 1066 2602 Benedicti
1085 2537 1157 2600 XlV
1179 2534 1267 2604 «Dei

278 2637 534 2712 miseratione„
562 2645 703 2710 serrata
730 2646 849 2710 tamen
873 2642 909 2710 in
933 2641 1263 2710 substantialibus„
1291 2646 1358 2710 399

188 2753 246 2818 lv.
264 2750 422 2818 Litterae
447 2748 659 2838 apostolicae
677 2747 854 2816 uerreuicti
873 2749 945 2814 xlv
971 2747 1013 2816 ad
1031 2747 1266 2837 drobiepisco-

276 2877 360 2946 pum
384 2857 554 2924 Goanum.
574 2857 621 2922 lle
637 2853 812 2922 domicilio
830 2860 867 2920 ct
883 2853 1183 2942 quasi-domicilio
1205 2876 1268 2944 pro

278 2961 504 3032 matrimonio
520 2959 760 3030 contrahendo
775 3009 1198 3029 ........
1248 2991 1264 3026 n
1292 2969 1357 3032 991

187 3075 230 3139 V.
255 3071 449 3141 instructio
465 3069 507 3138 ad
524 3089 646 3139 omnes
662 3068 952 3158 archiepiscopos,
970 3071 1149 3160 episcopos
1165 3071 1267 3141 alios-

276 3199 344 3268 que
367 3179 524 3246 locorum
539 3175 735 3245 ordinarios
757 3175 799 3244 de
816 3175 1139 3265 dispensationibus
1163 3195 1268 3267 super

275 3285 528 3374 impedimento
555 3283 688 3352 mixtae
712 3282 892 3370 religionis
923 3283 1036 3372 quoad
1067 3285 1267 3373 promiscua

277 3391 438 3479 coniugia
480 3439 1196 3460 .............
1247 3421 1263 3457 a
1292 3398 1358 3462 399

186 3500 241 3564 vl.
262 3499 420 3566 Litterae
444 3497 656 3586 apostolicae
688 3495 739 3563 Pii
770 3499 831 3562 ΡΡ.
860 3499 918 3563 Vll
952 3497 988 3564 in
1016 3495 1144 3586 quibus
1168 3518 1266 3586 prue-

274 3604 396 3692 cipuac
420 3603 664 3692 quaestionem
697 3622 786 3691 quac
819 3603 1047 3672 matrimonia
1079 3603 1267 3693 attingunt

274 3710 546 3792 haereticorum,
573 3709 647 3778 sire
671 3709 766 3777 inter
783 3728 819 3776 se
836 3708 910 3778 sire
928 3729 1008 3778 cum
1026 3715 1127 3799 parte
1144 3711 1265 3780 catlro·

274 3817 341 3884 lica
366 3815 467 3900 inita,
495 3816 693 3882 enodantur
734 3862 1198 3884 .........
1246 3844 1262 3879 n
1291 3819 1356 3883 101

187 3923 259 3988 1111.
286 3920 479 3990 Instructio
515 3941 618 4010 super
652 3919 975 4008 dispensationibus
1013 3919 1264 3989 matrimonia-

274 4027 366 4097 libus
416 4074 1195 4094 ..............
1244 4057 1261 4092 n
1290 4033 1356 4095 118

184 4139 480 4224 Vlll.Supremac
515 4137 637 4204 Sacrae
674 4132 960 4220 Congregationis
994 4133 1189 4204 lnstruc‘tio
1221 4135 1264 4204 ad

273 4241 490 4330 probandum
514 4241 652 4310 obitum
676 4238 825 4309 alicuius
848 4237 1005 4326 coniugis
1068 4289 1076 4304 .
1128 4287 1137 4305 .
1188 4289 1196 4305 .
1245 4245 1353 4309 »tat

186 4351 242 4417 lx.
269 4350 430 4417 Formula
463 4346 760 4436 interpellationis
791 4366 810 4412 a
838 4343 983 4433 coniuge
1013 4365 1183 4415 converso
1217 4345 1264 4416 la·

275 4453 418 4524 ciendae
435 4453 539 4522 alteri
556 4451 694 4541 coniugi
718 4451 923 4544 persistenti
946 4450 984 4520 in
1006 4471 1067 4521 sua
1083 4451 1261 4542 pertidia»
1289 4457 1354 4521 tao
