3446 5298
840 461 875 470 ...
897 427 956 490 390
976 460 1014 474 ...

344 550 402 631 nis
416 564 538 630 eontra
552 551 759 658 polygenos
777 553 982 632 constitutis
996 552 1035 632 in
1048 551 1159 632 eitate
1174 551 1437 632 Constitutione
1452 555 1520 632 Dei

344 676 582 754 miseratione.
621 675 756 755 Deinde
788 674 1065 756 transmittenda
1102 687 1210 754 erunt
1242 689 1322 756 aeta
1356 676 1403 756 ab
1430 679 1519 784 lipi-

344 823 450 904 soopo
477 797 524 878 ad
551 798 724 894 Iudicem,
755 797 800 876 ad
830 823 935 904 quem
970 811 1200 904 provocatum
1233 797 1317 890 luit,
1349 800 1386 878 in
1413 802 1518 908 eopia

346 924 568 1018 authentica,
599 924 717 1003 soluta
745 947 809 1030 per
837 935 976 1028 partam
1004 920 1265 1025 diligentiorem
1299 924 1516 1028 competenti

345 1048 506 1128 mercede
534 1047 768 1128 Cancellario.

894 1387 970 1474 ιιι.
1058 1331 1061 1347 ’

342 1633 520 1708 nanneno
537 1650 707 1726 supremae
725 1629 1078 1728 conregnaremus
1095 1633 1256 1728 sequenda
1271 1634 1304 1708 in
1319 1635 1515 1710 oonfloiondo

384 1757 541 1832 prooosau
557 1758 654 1832 snper
668 1739 734 1810 riri
748 1741 948 1832 inpotentia,
967 1741 1002 1814 et
1017 1762 1079 1815 non
1096 1743 1211 1815 aeonia
1225 1743 1424 1816 matrimonii
1439 1761 1515 1816 oen-

384 1846 611 1936 eummatione,
643 1843 817 1920 aooedente
852 1847 969 1918 nummi
1002 1847 1168 1921 Pontilois
1197 1849 1438 1940 dispensatione
1472 1848 1516 1921 ab

385 1957 542 2027 onomate
563 1953 773 2026 observantie
794 1951 1087 2045 praesorintionnn
1108 1953 1223 2028 nuno
1251 1954 1417 2029 Baneiioti
1439 1953 1517 2028 XIV

388 2062 480 2136 «liei
501 2059 746 2136 minoratione»
770 2061 906 2134 nemete
919 2063 1029 2135 temen
1046 2063 1080 2132 in
1104 2062 1389 2136 ratramnum.

425 2293 538 2374 luder
567 2294 612 2374 ad
631 2295 699 2373 hoe
719 2293 914 2400 deputatus
933 2319 1019 2400 prae
1035 2293 1147 2374 oeulis
1166 2295 1299 2374 habeat
1316 2295 1413 2400 qnod
1428 2319 1517 2374 era·

345 2421 441 2499 rnina
469 2443 715 2525 quaecumque
744 2421 803 2498 illa
832 2433 953 2514 erunt,
984 2419 1060 2498 lieri
1081 2417 1215 2498 debent
1233 2419 1301 2498 sub
1321 2418 1516 2498 iuramenti

344 2544 428 2642 fido,
459 2559 496 2622 et
523 2543 762 2624 Caneellarins
790 2543 916 2621 uariae
944 2541 1156 2648 episeopalis
1194 2543 1251 2620 rel
1289 2543 1403 2622 altera
1431 2567 1515 2648 per-

344 2697 445 2751 sona·
459 2668 671 2772 deleganda,
702 2667 1016 2769 interrogationes,
1049 2691 1219 2772 responsa
1257 2679 1293 2745 et
1329 2665 1516 2772 quaelibet

345 2811 424 2876 aeta
453 2795 586 2900 scripto
614 2791 747 2887 tradet,
770 2791 864 2871 laeta
883 2791 984 2896 prius
1002 2793 1234 2870 annotatione
1253 2791 1400 2886 mensis,
1423 2791 1511 2886 diei,

251 3019 253 3024 Ι
344 2925 444 3018 anni,
475 2921 542 3000 loni
580 2933 616 3000 et
654 2943 826 3024 personae
859 2917 988 2997 iudiois
1020 2941 1137 2996 eoram
1169 2942 1241 3023 quo
1275 2915 1516 2996 eonfieiuntnr

344 3057 438 3136 aeta,
470 3067 534 3121 nee
562 3065 634 3119 non
662 3037 854 3119 cuiuslibet
884 3039 985 3118 testis
1014 3036 1257 3116 examinandi.

424 3171 546 3244 Testes
576 3163 784 3266 singillatim
811 3161 1020 3256 audiantur,
1052 3175 1089 3241 et
1116 3162 1154 3238 in
1181 3161 1251 3240 line
1279 3159 1455 3239 examinis
1473 3185 1513 3240 se

344 3288 573 3368 subseribant
600 3287 743 3392 proprio
772 3287 927 3381 nornine,
959 3285 1016 3364 vel
1043 3311 1123 3364 eum
1150 3285 1251 3387 signo
1280 3286 1395 3364 erneis
1421 3311 1514 3390 qna-

345 3427 450 3491 tenus
477 3412 552 3491 sint
580 3410 756 3489 illiterati.
1281 3385 1290 3412 '

423 3537 562 3614 Primus
590 3534 649 3612 ille
677 3534 806 3612 eonius
835 3532 1004 3612 audiatur
1031 3533 1093 3639 qni
1122 3538 1228 3612 letor
1255 3541 1309 3610 est
1329 3531 1367 3608 in
1385 3555 1508 3610 eausa.

342 3660 645 3760 Interrogationes
672 3657 807 3736 iudieis
835 3657 998 3752 arbitrio,
1017 3656 1230 3762 prudentiae
1258 3669 1296 3736 et
1323 3656 1512 3758 sagaeitati

342 3783 616 3888 relinquuntur,
647 3793 806 3860 attamen
838 3806 902 3886 pro
930 3782 1008 3861 eins
1039 3779 1288 3862 commoditate
1320 3792 1512 3884 sequentes

343 3906 550 4001 traduntur,
581 3905 715 4012 quihus
743 3903 876 3984 alterae
905 3904 1085 3984 addantur
1112 3915 1218 4010 prout
1236 3902 1365 3982 melius
1384 3903 1422 3982 in
1441 3905 1513 3981 Do-

340 4032 436 4108 mino
464 4029 676 4108 iudicaverit
703 4027 749 4106 ad
778 4028 951 4107 laetorum
980 4027 1167 4108 veritatem
1186 4026 1299 4131 magis
1327 4025 1511 4130 magisque

339 4155 548 4251 eruendam,
579 4154 762 4234 nimirum:

420 4285 611 4384 equanto
641 4293 799 4384 tempore
828 4303 905 4360 sese
935 4278 1165 4382 eognorerint
1193 4277 1315 4383 sponsi
1334 4289 1508 4355 anterna-

341 4403 569 4498 trimonium;
599 4427 646 4480 an
674 4415 862 4508 parentum
901 4427 1096 4498 eonsensu‚
1136 4414 1263 4508 sponte
1303 4413 1341 4480 et
1381 4412 1503 4480 mutua
