3402 5292
662 473 838 538 -303-

234 603 359 682 Obiter
374 615 494 682 autem
519 604 639 704 agitur
655 602 698 682 de
714 602 846 707 triplici
867 599 1176 706 dispensationum
1196 599 1321 692 lorma,

154 753 278 834 nempe
305 730 484 833 pretioso,
513 727 761 806 commissario
789 741 826 806 et
853 727 984 804 mictu.

710 978 779 1052 Ill.

345 1225 373 1296 1⁰
396 1225 440 1296 llo
461 1223 617 1298 nulliboto
640 1223 844 1296 matrimonii
867 1243 908 1295 ex
939 1223 1139 1313 impotentia.

241 1331 273 1404 2⁰
296 1331 340 1404 Ilo
363 1331 564 1404 matrimonii
586 1331 738 1403 selinon
760 1331 975 1402 consummati
997 1329 1247 1422 dispensatione.

244 1610 278 1678 l.
312 1603 398 1678 Cum
426 1601 472 1678 ab
500 1601 800 1680 Eminentissimis
830 1601 995 1679 Patribus
1024 1627 1055 1678 S.
1087 1600 1232 1679 Consilii
1267 1601 1332 1677 tri-

161 1723 299 1804 dentini
328 1727 588 1830 interpretibus
616 1725 814 1804 dirimenda
835 1739 930 1804 esset
945 1727 1122 1830 quaestio,
1142 1725 1273 1802 eisdem
1296 1724 1332 1802 in

162 1849 275 1953 gradu
303 1850 552 1954 appellationis
581 1849 714 1948 delata,
746 1873 854 1952 super
888 1849 1103 1927 matrimonii
1139 1849 1329 1940 firmitate,

162 1969 257 2077 quod
286 1971 323 2048 iu
352 1971 439 2050 urbe
469 1977 513 2050 N.
536 1972 593 2051 die
623 1982 667 2052 31
701 1972 853 2050 ianuarii
877 1981 976 2050 lssbt
998 1973 1127 2050 inierat
1145 1970 1234 2048 lulla
1254 1995 1334 2047 curn

163 2097 266 2189 Caio;
297 2118 449 2200 cumque
469 2096 721 2174 sanctissimus
743 2099 782 2172 b.
808 2099 851 2172 N.
877 2094 1028 2198 benigne
1048 2095 1271 2187 indulsisset,
1295 2107 1336 2172 ut

164 2219 252 2297 haec
279 2243 387 2297 causa
417 2197 675 2324 proponeretur
694 2223 913 2300 oeconomice
928 2245 1008 2300 eum
1027 2235 1106 2298 voto
1127 2220 1280 2322 theologi
1300 2233 1337 2297 et

167 2345 395 2439 canonistee,
427 2357 462 2422 et
491 2345 861 2424 animadversionibus
888 2345 1086 2426 defensuris
1123 2343 1337 2423 matrimonii

167 2494 210 2548 ex
239 2467 367 2560 officio,
400 2471 445 2545 R.
478 2474 518 2546 P.
552 2473 593 2545 D.
625 2493 747 2548 sacrae
789 2471 1078 2572 congregationis
1108 2470 1252 2548 Consilii
1277 2473 1339 2546 Se-

167 2595 330 2686 cretari0,
362 2593 456 2671 datis
484 2593 614 2672 litteris
642 2593 713 2672 diei
742 2603 765 2674 8
794 2595 947 2672 octobris
975 2621 1034 2671 an.
1061 2603 1177 2686 1870,
1205 2593 1339 2697 placuit

166 2720 371 2798 rooouistuo
399 2745 529 2798 munus
557 2721 624 2798 mei
654 2719 823 2799 tenuitati
852 2721 1086 2812 committere,
1119 2733 1159 2798 ut
1182 2717 1226 2796 rle
1251 2721 1339 2796 actis

166 2868 257 2947 quae
279 2843 524 2922 inscribuntur
547 2887 571 2902 -
594 2875 611 2916 ‹
635 2843 827 2922 Nullitotis
847 2845 1071 2921 matrimonii
1090 2875 1107 2914 a
1126 2868 1206 2920 -ex
1224 2841 1339 2946 capite

168 2967 399 3072 impotentiae
415 2967 452 3044 in
466 2969 658 3073 episcopali
680 2971 783 3048 Curia
800 2969 983 3062 conlectis,
1003 2969 1206 3073 opinionem
1227 2991 1341 3044 meum

166 3091 374 3195 prolerrem.
408 3095 538 3169 llorem
567 3092 690 3196 itaque
720 3117 845 3194 gerens
867 3093 957 3170 tanti
978 3094 1044 3169 riri
1065 3092 1192 3183 allicio,
1224 3104 1260 3168 et
1280 3113 1342 3193 pro

170 3215 256 3294 meis
286 3215 422 3294 viribus
451 3231 618 3320 suscepto
647 3219 785 3295 muneri
814 3241 956 3294 manum
986 3241 1191 3322 apponens,
1211 3225 1250 3291 ut
1270 3213 1344 3290 clu-

170 3337 268 3416 ritati
297 3352 334 3416 et
361 3339 477 3416 ordini
507 3340 747 3433 cucumerem,
779 3340 982 3418 eurumdem
1021 3354 1179 3417 actorum
1216 3340 1343 3415 seriem

171 3461 346 3566 principio
374 3461 623 3568 exponendam
651 3463 773 3542 studui
803 3477 842 3541 ut
871 3465 1048 3567 sequitur.

571 3733 740 3788 AGTORUH
777 3735 942 3788 SYNOPSIS

254 3966 291 4035 Ξ.
324 3961 399 4035 lam
428 3957 548 4036 valida
568 3957 698 4034 inierat
714 3957 893 4062 sponsalia
914 3959 1018 4037 Caius
1038 3958 1133 4036 filius
1153 3957 1289 4061 Virgilii
1312 3969 1349 4034 et

175 4087 298 4160 lunae
327 4107 407 4160 oum
436 4084 544 4161 Lucia
574 4081 645 4160 filia
675 4084 819 4162 Antonii
850 4083 998 4161 alterius
1017 4083 1173 4161 civitatis
1197 4095 1232 4160 et
1252 4081 1350 4160 dioe-

173 4206 277 4298 cesis,
311 4221 504 4310 antequum
533 4207 809 4300 matrimonium,
842 4206 885 4284 de
914 4233 985 4311 quo
1015 4208 1071 4285 hic
1099 4207 1256 4308 agimus,
1289 4231 1349 4285 ce·

176 4327 355 4425 lebraret;
386 4329 449 4408 sed
478 4330 522 4408 ob
550 4343 764 4434 compertum
798 4329 956 4407 eiusdem
987 4331 1059 4408 Caii
1088 4329 1346 4434 impotentiam,

178 4466 219 4532 ut
239 4466 349 4532 testes
377 4452 575 4558 deponunt,
606 4453 786 4559 sponsalia
816 4453 891 4548 illu,
924 4453 1057 4532 tabulis
1085 4455 1168 4534 lieet
1197 4455 1344 4559 nuptia-
