3446 5298
681 460 718 472 -
741 427 798 490 tlt
821 460 858 472 -

190 581 306 661 neque
334 556 410 634 suis
437 553 577 657 legibus
604 554 791 651 obnoxioS,
821 553 910 660 quin
938 553 1078 662 possint
1105 552 1246 632 adalia
1275 566 1357 634 vote

189 679 357 773 transire,
388 679 418 756 si
432 676 590 782 {publica
618 678 818 758 consistorii
845 677 1058 756 auctoritate
1087 676 1254 781 aptioris
1282 703 1359 756 ma-

187 804 344 886 trimonii
373 801 515 881 vinculo
542 801 754 882 liberentur.
787 801 856 880 ltii
884 799 1024 879 demum
1054 813 1203 881 tuentur
1231 801 1360 881 baere-

186 929 336 1007 ticorum
364 925 588 1004 matrimonia
607 951 724 1005 coram
743 926 904 1004 ministro
925 923 1104 1004 haeretico
1119 924 1225 1020 inita,
1248 925 1358 1006 insito

188 1049 343 1154 quodam
371 1049 548 1128 nullitatis
577 1048 663 1128 vitio
682 1048 792 1144 inlici,
823 1073 864 1127 ac
897 1047 1045 1154 proinde
1072 1049 1103 1126 si
1133 1048 1262 1130 iterum
1291 1075 1359 1128 nu-

188 1173 279 1254 bant
306 1199 423 1253 coram
452 1173 606 1278 parocho
634 1173 821 1268 catholico,
843 1185 908 1254 aut
935 1172 1029 1254 inter
1056 1187 1173 1254 seaut
1201 1200 1280 1254 cum
1299 1198 1359 1254 co-

190 1299 323 1380 tholico
337 1298 503 1402 coniuge,
517 1298 583 1376 boc
611 1295 806 1376 secundum
838 1297 1104 1377 matrimonium
1122 1299 1175 1378 uti
1200 1297 1357 1376 validum

190 1448 268 1504 esse
310 1420 586 1526 agnoscendum.
624 1423 760 1526 Operae
801 1424 955 1528 pretium
996 1419 1159 1500 ducimus
1200 1421 1358 1501 delibare

190 1547 311 1652 aliqua
339 1543 385 1624 ad
414 1544 479 1624 has
506 1544 692 1650 opiniones
720 1543 929 1624 refutandas
948 1570 989 1624 ac
1003 1545 1252 1642 eliminandas,
1275 1571 1358 1624 nam

188 1669 306 1750 omnia
335 1667 501 1774 persequi
530 1693 645 1774 neque
679 1668 791 1748 nostri
825 1669 983 1748 instituti
1012 1683 1080 1764 est,
1113 1695 1230 1774 neque
1259 1682 1358 1749 tuam

189 1793 386 1874 doctrinam
407 1817 448 1872 ac
467 1792 554 1872 iuris
573 1793 733 1872 canonici
749 1793 912 1898 peritiam
933 1793 1054 1897 lugere
1070 1807 1203 1898 potest,
1221 1807 1357 1900 quauta

187 1919 234 1998 sit
264 1917 405 1996 illorum
433 1916 639 2022 opinionum
667 1917 723 1996 vel
752 1917 968 2021 perversitas
988 1917 1043 1996 vel
1072 1915 1226 1996 fallacia.

269 2038 370 2130 Quod
399 2039 492 2118 euim
521 2065 581 2118 eos
609 2040 739 2120 attinet
767 2041 881 2146 primo
908 2041 985 2120 loco
1004 2051 1231 2135 memoratos,
1255 2065 1360 2146 prae·

190 2162 354 2244 termissa
383 2163 592 2268 quaestione
620 2163 681 2242 illa
710 2163 771 2270 (do
790 2189 862 2270 qua
882 2163 972 2242 nibil
996 2162 1101 2244 modo
1120 2175 1277 2242 statuere
1297 2187 1361 2240 uo-

190 2285 327 2390 lumus)
355 2312 402 2364 an
431 2285 689 2366 haereticorum
709 2287 873 2392 coniugia
893 2312 1010 2366 coram
1029 2285 1192 2366 ministro
1212 2285 1362 2364 acatho-

189 2409 258 2490 lico
286 2423 469 2488 contracta
498 2423 719 2490 sacramenta
747 2411 835 2506 siut,
866 2435 1010 2505 66666,
1032 2408 1122 2488 illud
1149 2409 1359 2514 certequod

190 2533 235 2612 ad
265 2559 339 2614 rem
367 2533 522 2638 pertinet
542 2535 765 2640 exploratum
780 2549 848 2631 est,
866 2535 1052 2638 coniugale
1067 2533 1226 2614 loedusa
1246 2537 1359 2640 prima

188 2683 254 2738 sua
292 2658 538 2753 institutione,
586 2671 778 2765 antequam
814 2659 860 2738 ad
897 2660 1111 2740 sacramenti
1148 2657 1360 2764 dignitatem

186 2782 402 2877 elevaretur,
434 2781 554 2862 divino
573 2783 649 2862 iure
669 2781 916 2862 indissolubile
945 2807 1106 2889 prorsus,
1128 2796 1362 2888 perpetuum-

187 2929 257 3009 que
288 2905 463 3000 extitisse,
495 2905 790 3010 quemadmodum
819 2905 959 3009 egregie
993 2905 1200 3012 observasse
1235 2909 1361 2984 Patres

187 3027 377 3107 tridentini
406 3031 443 3108 in
471 3027 633 3108 doctrina
661 3029 705 3108 de
733 3041 953 3108 sacramento
977 3027 1194 3108 matrimonii
1210 3025 1362 3132 ipsemet

190 3151 407 3232 Benedictus
434 3156 514 3231 XIV
541 3153 740 3234 luculenter
768 3153 924 3234 ostendit
939 3155 1013 3260 (l).
1037 3157 1083 3234 Et
1102 3153 1186 3234 licet
1206 3151 1288 3232 talis
1303 3154 1361 3232 in-

189 3276 450 3358 dissolubilitas
478 3278 692 3359 matrimonii
721 3277 863 3358 vinculo
891 3279 1081 3358 conveniat
1099 3277 1252 3356 maxime
1271 3303 1362 3382 qua-

194 3413 301 3478 tenus
329 3413 383 3480 est
403 3415 677 3497 sacramentum,
700 3414 820 3482 tamen
839 3401 952 3480 eidem
972 3401 1079 3480 etiam
1099 3414 1279 3505 quatenus
1307 3413 1363 3479 est

194 3537 346 3604 naturae
374 3525 528 3604 officium
556 3525 735 3622 convenit,
767 3539 808 3606 ut
836 3525 981 3606 dissolvi
1009 3551 1081 3604 666
1109 3524 1250 3630 possit.
1277 3584 1286 3601 .
1313 3583 1356 3602 ..

190 3659 227 3726 et
255 3646 366 3752 prolis
393 3645 599 3727 educandae
627 3647 747 3728 studio
774 3661 809 3727 et
838 3649 918 3728 aliis
945 3648 1162 3728 matrimonii
1181 3647 1285 3726 bonis
1304 3671 1363 3726 re·

190 3784 346 3876 pugnat,
392 3782 432 3849 ut
464 3771 542 3851 eius
583 3772 765 3852 vinculum
793 3772 841 3852 sit
877 3771 1101 3868 dissolubile,
1133 3771 1363 3877 quemadmo-

191 3893 276 3974 dum
298 3895 563 3976 cathechismus
581 3896 739 3975 eiusdem
755 3879 906 3976 Concilii
917 3896 1104 3976 tridentini
1119 3895 1221 3975 iussu
1241 3895 1362 3975 editus
1452 3943 1463 3968 .

192 4016 338 4098 disertis
366 4019 484 4100 uerbis
512 4023 584 4098 Nos
612 4018 734 4099 edocet
763 4021 777 4123 (
807 4019 838 4125 ).

274 4141 341 4221 Sed
370 4143 456 4248 quid
491 4139 679 4224 dicendum
711 4146 780 4222 erit
808 4142 852 4222 de
880 4143 1021 4222 illorum
1058 4144 1259 4239 sententia,
1296 4145 1358 4247 qui

261 4339 296 4408 (lt
316 4339 377 4396 rto.
396 4342 476 4399 1111.
497 4342 567 4413 cap.
580 4347 626 4402 22.

262 4427 298 4499 (2)
318 4430 402 4486 Part.
415 4431 453 4486 ΙΙ.
477 4431 513 4488 [te
532 4433 659 4488 Sacram.
687 4431 811 4490 matrim.
832 4431 904 4500 Cap.
920 4432 994 4488 ΠΗ.
1010 4429 1040 4500 S.
1054 4437 1082 4490 2.
