3446 5298
778 674 834 762 lt.

142 991 146 1002 ‚
398 899 577 974 Inotrnotio
604 899 695 974 alita
716 921 737 976 a
759 919 787 976 s.
803 901 1060 996 congregatione
1078 901 1214 978 ilonoilii
1336 979 1340 988 ,

276 1003 327 1080 iio
351 1005 641 1101 sterpiniaco
663 1027 720 1099 pro
743 1007 943 1083 ooniootiono
965 1027 1140 1101 processus
1164 1010 1199 1084 in
1223 1013 1334 1086 oensis

638 1115 956 1202 matrimonialibus.

752 1293 859 1312 -un

303 1415 561 1522 Cum‘moueat
589 1444 712 1523 Glossa
741 1443 890 1550 (incep.
919 1445 984 1549 fin.
1015 1443 1058 1524 de
1081 1446 1173 1550 [riq.
1194 1457 1228 1524 et
1245 1445 1392 1553 motos.)

225 1567 262 1644 in
297 1567 415 1646 causis
442 1567 765 1648 matrimonialibus
807 1593 945 1647 omnem
973 1570 1150 1650 cautelam
1177 1595 1258 1649 esse
1290 1572 1396 1651 adhi-

221 1690 376 1769 bendam
397 1703 542 1796 propter
556 1693 753 1797 periculum
773 1695 986 1788 animarum,
1003 1693 1099 1798 quod
1114 1706 1150 1772 et
1165 1692 1288 1775 docuit
1304 1701 1394 1775 San-

221 1813 308 1892 chez
327 1811 387 1916 (de
400 1816 562 1894 matrina.
580 1813 643 1892 lib.
663 1823 700 1894 7.
727 1815 821 1921 disp.
840 1817 933 1920 107)
948 1829 984 1896 et
999 1815 1104 1895 Card.
1137 1818 1394 1920 Argeuvilliers

222 1939 286 2042 (in
301 1937 442 2017 dissert.
465 1937 689 2017 matrimonii
716 1937 823 2018 relat.
840 1940 934 2018 inter
947 1951 1029 2018 cote
1047 1942 1273 2020 Constantini
1288 1949 1332 2020 P.
1353 1953 1390 2022 5.

220 2061 292 2140 ool.
312 2059 378 2140 nit.
397 2089 435 2140 n.
455 2064 526 2167 16)
540 2063 644 2168 plura
664 2061 782 2141 hince
801 2063 911 2142 saeris
926 2063 1129 2142 Cauouibus
1138 2065 1276 2144 sancita
1290 2078 1390 2160 suut,

224 2199 267 2265 ut
294 2197 412 2265 tutum
440 2211 482 2264 ac
509 2199 644 2266 rectum
682 2186 852 2265 iudicium
885 2187 1061 2266 efformari
1093 2201 1219 2293 queat.
1257 2187 1310 2266 nd
1337 2213 1395 2266 re-

221 2309 414 2388 movendas
442 2335 526 2388 vero
553 2309 711 2418 fraudes,
743 2335 835 2415 quae
863 2310 1052 2414 coniugum
1072 2301 1210 2390 malitie
1238 2311 1294 2389 vel
1322 2311 1396 2390 col·

221 2433 360 2512 lusione
388 2459 495 2538 saepe
522 2433 745 2530 oriebantur,
777 2461 807 2513 s.
831 2459 879 2512 m.
910 2435 1145 2514 Bened.X1V
1164 2434 1220 2536 (iu
1239 2436 1391 2514 Censtit.

223 2557 289 2638 Dei
316 2555 560 2662 miseratione)
588 2583 791 2663 processum
819 2559 1077 2638 conficiendum
1106 2583 1186 2639 esse
1214 2559 1396 2664 praecepit

222 2681 290 2761 sub
319 2706 434 2787 poema
463 2681 642 2762 nullitatis
669 2683 827 2762 omnium
855 2697 1028 2778 actorum,
1060 2697 1102 2763 ut
1120 2683 1395 2790 probationibus

223 2801 464 2911 undequaque
492 2807 758 2888 accuratissime
778 2808 968 2887 cumulatis
988 2811 1025 2886 iu
1045 2809 1163 2886 causis
1191 2807 1394 2886 huiusmodi
1424 2827 1428 2836 ·

222 2931 379 3009 omnium
407 2930 640 3033 gravissimis,
672 2931 709 3008 im
735 2931 869 3036 quibus
896 2933 1016 3034 agitur
1035 2931 1079 3010 de
1099 2932 1311 3011 sacramenti
1332 2957 1396 3009 va-

222 3055 363 3136 liditate
391 3055 448 3133 vel
477 3053 663 3149 nullitate,
694 3081 735 3134 ac
763 3055 807 3134 de
835 3055 1061 3134 dissolvendo
1100 3055 1244 3134 vinculo
1272 3055 1397 3132 matri-

223 3178 384 3274 moniali,
415 3177 553 3256 iudiees
580 3179 617 3256 iu
645 3178 857 3285 proferendo
885 3179 1016 3257 iudicio
1044 3178 1115 3258 tuti
1145 3177 1395 3282 conquiescere

222 3315 383 3409 possent.
417 3307 463 3382 nt
490 3307 575 3408 quia
604 3328 711 3408 saepe
739 3304 775 3381 iu
805 3303 872 3381 hec
899 3303 1108 3382 difficillime
1126 3327 1295 3408 processu
1315 3315 1394 3380 acta

223 3428 342 3506 miuus
370 3441 467 3506 recte
496 3441 531 3506 et
560 3439 643 3532 apte
671 3427 716 3504 ad
745 3428 931 3508 veritatem
947 3424 1141 3506 eruendam
1158 3423 1396 3505 conficieban-

224 3565 297 3647 tur,
316 3572 360 3631 ·s.
393 3552 628 3655 Congregatio
655 3551 799 3656 saepius
818 3551 1074 3630 instructiones
1093 3549 1222 3647 edidit,
1244 3574 1285 3626 ac
1312 3572 1396 3627 uor-

226 3703 319 3758 mam
347 3677 579 3784 praescripsit
605 3701 712 3783 quam
740 3676 906 3781 Episcopi
934 3687 1187 3780 sequerentur.

305 3807 391 3881 Cum
420 3802 543 3908 itaque
573 3801 610 3879 iu
639 3799 843 3879 huiusmodi
875 3801 993 3878 causis
1022 3823 1094 3876 non
1128 3797 1173 3877 de
1201 3797 1278 3876 iure
1306 3795 1397 3875 alte-

225 3929 361 4006 rubrius
373 3927 486 4032 partis
496 3939 650 4020 tautum,
665 3925 727 4003 sed
739 3923 928 4030 praecipue
938 3922 981 4000 de
992 3921 1242 4002 sacramentali
1253 3920 1395 4001 viuculo

224 4051 451 4132 dissolvendo
480 4065 622 4154 agatur,
645 4073 832 4154 processus
852 4061 932 4126 acta
951 4072 1023 4125 non
1046 4047 1091 4126 ad
1111 4047 1226 4125 instar
1246 4045 1395 4124 aliorum

225 4174 451 4268 iudiciorum,
483 4173 693 4278 praesertim
721 4171 893 4264 civilium,
924 4171 987 4252 sed
1016 4170 1116 4249 iurte
1145 4193 1195 4248 ss.
1218 4173 1393 4262 Capones,

226 4299 371 4376 citatam
392 4323 422 4376 s.
441 4323 489 4374 m.
508 4297 642 4376 Beued.
660 4299 740 4374 xlv
768 4294 1081 4389 Constructionem,
1108 4305 1144 4372 et
1172 4303 1396 4398 praesentem

227 4421 501 4500 instructionem
521 4433 627 4499 erunt
646 4417 877 4499 efformauda.
896 4421 948 4496 lia
966 4417 1089 4523 itaque
1109 4441 1182 4496 non
1206 4415 1398 4496 vernaculo
