3402 5292
899 483 935 498 ..
958 451 1016 512 322
1038 484 1075 497 -

398 575 471 654 ulla
486 574 604 653 valeat
624 575 717 652 inter
750 599 900 679 sponsos
916 575 1155 654 reconciliatio
1175 574 1331 654 obtineri
1344 573 1430 678 (cfr
1445 579 1565 655 Actor.

394 697 474 804 foll.
508 705 650 790 :te-te,
680 710 713 776 et
740 697 806 802 sol.
841 708 912 778 173
934 711 969 776 et
987 725 1080 805 seqq.
1098 699 1147 778 nd
1164 708 1235 778 177
1267 699 1306 776 in
1334 697 1564 804 pnidnseno-

211 811 238 874 ⁸
397 849 476 902 men
506 820 741 925 Mopdolenoe
768 833 801 900 et
829 821 1040 926 Matthaei).

485 956 548 1026 21.
594 945 717 1035 Quoad
759 946 916 1051 reliquos
957 961 1068 1026 testes
1109 960 1218 1050 atque
1260 959 1438 1026 contestes
1481 945 1568 1022 satis

400 1096 579 1176 superque
609 1071 678 1150 erit
705 1094 765 1148 eos
797 1083 939 1150 tantum
975 1095 1266 1152 commemorasse
1285 1071 1367 1174 ,qui
1403 1069 1568 1174 specifica

402 1221 444 1274 ac
473 1194 631 1299 propiori
660 1192 882 1298 depositione
916 1194 1039 1274 testati
1076 1208 1161 1272 sunt
1196 1193 1240 1274 de
1276 1191 1497 1272 antecedenti
1532 1217 1570 1270 ac

403 1316 570 1395 absoluta
608 1317 681 1394 Caii
719 1317 929 1421 impotentia
966 1316 1132 1412 coeundi,
1173 1343 1245 1394 una
1282 1343 1362 1396 cum
1400 1317 1445 1394 iis
1486 1315 1571 1394 elra-

403 1438 604 1520 racterilms
637 1464 701 1518 seu
733 1439 928 1534 adiunctis,
964 1440 1098 1545 quihus
1123 1439 1217 1520 lacili
1242 1443 1384 1544 negotio
1416 1453 1453 1518 et
1477 1439 1573 1518 eius·

403 1563 483 1642 dem
502 1563 735 1667 impotentiae
750 1563 972 1668 perpetuitas
997 1563 1211 1644 adstruitur.
1231 1568 1398 1668 -ltaque
1427 1589 1505 1642 sese
1522 1561 1575 1642 ol-

403 1685 472 1765 fert
500 1687 678 1791 imprimis
697 1687 841 1791 loseph,
872 1689 934 1793 qni
964 1714 1084 1767 mense
1113 1687 1311 1778 decembris
1342 1695 1440 1768 tect
1468 1713 1576 1790 nego-

404 1809 495 1888 tium
523 1835 633 1914 agens
670 1835 749 1888 cum
781 1811 964 1890 l'incentio
1000 1810 1149 1898 medico,
1178 1813 1240 1918 qui
1278 1811 1418 1916 etipse
1450 1835 1573 1888 curam

403 1933 578 2040 praedicti
593 1933 666 2012 Caii
685 1948 906 2039 susceperat,
928 1934 1046 2040 deque
1061 1935 1219 2040 proximo
1235 1935 1458 2014 matrimonio
1478 1934 1575 2012 eius·

405 2056 592 2138 demeum
629 2057 749 2162 puella
777 2058 870 2136 Iulia
903 2058 1119 2138 disserentes
1151 2059 1196 2140 ab
1225 2085 1267 2178 ep
1299 2059 1428 2138 certior
1460 2057 1576 2138 lactus

405 2181 497 2261 luit:
516 2227 540 2240 -
558 2181 625 2259 Clte
639 2181 779 2260 scredbe
793 2208 842 2260 nn
862 2182 1093 2260 matrimonio
1111 2182 1150 2261 di
1164 2209 1258 2288 puro
1287 2208 1401 2268 nome,
1414 2207 1483 2260 non
1502 2183 1577 2262 anei

405 2305 445 2384 di
471 2306 581 2409 fatte,
610 2305 781 2384 otteseclre
806 2305 834 2382 il
862 2306 1002 2410 piovine
1029 2333 1092 2386 ero
1120 2307 1211 2385 nelle
1238 2319 1331 2386 stete
1358 2307 1397 2386 di
1419 2309 1576 2412 perfetta

407 2430 623 2534 impotenso,
652 2431 737 2534 quia
766 2429 951 2535 praeditus
971 2455 1061 2534 pene
1082 2430 1275 2509 inhabilia
1299 2431 1503 2537 pnolnnpne
1520 2444 1579 2512 el-

405 2553 513 2632 tivitd
532 2553 692 2631 tendente
714 2553 791 2631 olle
814 2553 1085 2632 consum-ecione
1103 2553 1159 2633 del
1178 2555 1407 2634 matrimonio
1434 2557 1574 2658 (Actor.

405 2677 472 2784 [ol.
497 2688 560 2758 58.
584 2690 673 2782 terp.
673 2679 710 2782 ).
729 2723 753 2738 -
769 2683 831 2756 lle·
847 2678 970 2756 eadem
999 2679 1209 2782 impotentia
1238 2679 1339 2758 testis
1362 2694 1419 2760 est
1446 2683 1579 2758 Ianua-

406 2804 496 2898 rius,
527 2803 589 2907 qni
615 2803 682 2881 iter
711 2827 819 2906 agens
849 2803 886 2882 in
914 2804 1132 2908 praedictam
1161 2804 1287 2882 urbem
1320 2807 1364 2882 N.
1397 2829 1575 2882 unacum

406 2925 542 3006 Lucilio
571 2928 644 3006 Caii
678 2926 906 3021 consobrino,
939 2926 985 3005 ab
1019 2953 1060 3008 eo
1097 2928 1340 3008 concreditum
1368 2925 1437 3006 sibi
1465 2927 1575 3006 luisse

407 3062 575 3144 testatur,
607 3049 667 3128 clre
694 3050 887 3130 eonvenioo
929 3050 1222 3156 dell'impotenzo
1248 3049 1315 3154 ‚eet
1342 3051 1484 3154 eupino,
1513 3075 1573 3128 mn

407 3171 598 3278 lopneoosi
638 3172 735 3251 dello
780 3173 974 3278 pndblieitd
1019 3175 1058 3254 di
1103 3201 1152 3254 un
1197 3175 1356 3280 pindizio
1401 3177 1578 3254 intentato

322 3393 327 3409 Ι
408 3295 510 3376 dello
550 3295 685 3376 Ginlin.
717 3298 885 3376 -Testis
922 3311 976 3376 est
1011 3299 1175 3396 llichael,
1217 3300 1280 3404 qui
1319 3325 1398 3378 cum
1430 3313 1524 3378 esset
1556 3326 1579 3380 e

313 3521 317 3529 q
409 3422 554 3500 civitate
587 3425 631 3498 V.
672 3434 709 3499 et
742 3421 876 3500 amicus
903 3421 1058 3502 familiae
1091 3425 1236 3502 Antonii
1269 3423 1330 3530 (de
1368 3450 1439 3528 quo
1471 3449 1582 3529 prae-

409 3545 487 3626 ced.
511 3571 548 3620 n.
572 3545 629 3647 2),
651 3543 813 3649 deponit,
836 3546 1063 3624 Franciscum
1083 3545 1229 3626 lratrem
1248 3549 1391 3628 Antonii
1421 3547 1491 3626 sibi
1510 3549 1588 3628 sei-

363 3647 368 3670 ’
409 3667 553 3748 scitanti
595 3666 639 3746 de
677 3693 760 3746 vera
794 3669 930 3746 ratione
973 3669 1218 3750 dissolutionis
1251 3672 1470 3776 sponsalium
1508 3673 1588 3752 iam

409 3788 576 3866 initorum
596 3790 690 3868 inter
709 3789 831 3868 Caium
849 3805 887 3868 et
906 3790 1002 3874 illius
1021 3806 1163 3898 neptem
1179 3797 1338 3888 Luciam,
1361 3790 1591 3874 confidenter

411 3909 546 3990 lassum
566 3910 698 3990 luisse:
730 3913 790 3992 clre
818 3911 952 3991 l'unieo
979 3915 1111 3994 motivo
1133 3915 1189 3995 del
1222 3915 1500 4021 diseioplimento
1519 3943 1593 3994 ero

411 4044 504 4114 stote
527 4031 564 4110 lo
594 4034 747 4139 formale
773 4035 973 4140 impotenzo
1001 4037 1093 4118 dello
1120 4066 1233 4144 spese.
1266 4049 1300 4118 Ε
1328 4053 1449 4146 questo
1476 4051 1596 4122 stesso

412 4116 545 4236 rnoldoo
567 4183 713 4238 certeco
724 4159 1006 4264 pubblicemente
1020 4163 1076 4240 nei
1098 4164 1193 4269 Colle
1213 4165 1254 4243 ed
1281 4167 1320 4244 in
1347 4177 1438 4244 totto
1453 4163 1481 4242 il
1496 4192 1598 4270 pae-

413 4307 447 4359 se
475 4288 523 4360 N.
555 4286 675 4388 Deqne
705 4285 772 4364 hac
799 4285 1008 4390 impotentia
1037 4285 1130 4365 idem
1151 4289 1301 4370 llichael
1329 4315 1368 4368 se
1396 4289 1598 4373 certiorem

414 4407 570 4484 erasisse
586 4420 739 4488 testatur
758 4434 801 4487 er
817 4411 1000 4514 ,personali
1022 4411 1126 4508 lacto,
1149 4414 1246 4518 quod
1271 4427 1436 4494 accurate
1455 4429 1492 4494 et
1513 4414 1601 4498 lor-
