3456 5300
673 523 711 538 ...
733 491 771 552 59
793 523 829 536 .-

251 623 289 693 i.
324 619 402 694 Nan
430 615 575 720 quidem
604 615 774 710 naturali,
806 615 869 696 sed
898 615 972 694 salo
999 613 1231 694 ecclesiastica
1265 615 1347 695 iura

173 738 349 818 eiusmodi
369 741 661 846 impedimentum
681 739 816 820 dirimit
844 740 1122 835 matrimonium,
1145 755 1187 819 ut
1219 766 1342 819 omnes

175 861 335 943 latentur
355 865 428 969 (l).
452 909 475 923 -
496 865 734 944 Constituitur
749 879 867 944 autem
888 863 1054 970 pluribus
1072 863 1234 943 canonici
1253 865 1347 943 iuris

174 989 354 1094 capitibus
383 989 456 1093 (2),
488 1013 581 1094 quae
608 989 772 1093 quamvis
801 989 890 1068 illud
919 1013 961 1068 ex
1000 987 1229 1093 sponsalibus
1256 987 1342 1066 oriri

173 1112 383 1208 decernant,
415 1113 465 1190 ita
493 1126 612 1192 tamen
632 1113 792 1191 canonici
821 1113 910 1191 iuris
938 1113 1182 1192 sanctionesa
1214 1115 1345 1190 Docta-

174 1235 275 1315 ribus
294 1237 432 1343 accipiu
461 1251 534 1331 tur,
566 1251 607 1316 ut
635 1251 844 1340 argumento
871 1235 1059 1341 refortiari
1086 1235 1175 1314 illud
1204 1260 1346 1340 pereas

172 1361 294 1439 induci
323 1263 492 1464 oolligdnt
511 1361 642 1441 nedum
662 1387 705 1440 aaa
738 1357 959 1466 sponsalibus
988 1359 1030 1438 da
1048 1360 1189 1464 sutura,
1219 1359 1281 1438 sed
1300 1385 1343 1438 eo

172 1483 229 1561 vel
257 1485 369 1587 magis
397 1511 440 1563 er
469 1485 699 1563 matrimonia
726 1497 807 1563 rata
835 1510 898 1563 seu
927 1483 1151 1590 sponsalibus
1179 1484 1221 1562 de
1235 1509 1349 1589 prae-

173 1608 277 1685 senti.
310 1607 499 1687 Vinculum
527 1609 621 1688 enirn
649 1609 744 1713 quod
779 1611 921 1712 exurgit
949 1635 992 1687 ex
1011 1609 1236 1688 matrimonia
1265 1623 1343 1688 rato

174 1730 303 1810 lartius
340 1732 485 1836 quidem
514 1747 569 1812 est
605 1759 712 1839 quam
749 1731 845 1837 quod
874 1759 916 1812 ex
946 1732 1174 1838 sponsalibus
1211 1735 1342 1812 oritur.

175 1861 337 1960 Aequum
366 1881 449 1959 ergo
470 1855 551 1952 luit,
584 1871 624 1935 ut
653 1883 732 1934 curn
752 1881 795 1934 ex
824 1855 1053 1961 sponsalibus
1071 1853 1115 1934 de
1144 1855 1265 1935 lutura
1285 1857 1345 1934 in-

175 1979 329 2059 ducatur
357 1981 663 2088 impedimentum,
699 1979 887 2086 asartiari
914 1979 1145 2060 induceretur
1164 2006 1207 2059 ex
1235 2006 1348 2086 spon-

171 2105 308 2184 salibus
337 2106 381 2184 de
400 2106 581 2212 praesenti
602 2105 676 2212 (3).
708 2106 816 2210 utqui
845 2131 887 2183 ex
908 2103 1132 2183 matrimonio
1160 2117 1238 2184 rato
1258 2130 1341 2183 vera

176 2253 249 2307 non
278 2230 421 2333 exurgit
449 2229 606 2310 affinitas
635 2230 717 2337 (i);
749 2255 794 2308 ex
822 2253 863 2307 eo
892 2231 1001 2332 igitur
1029 2227 1190 2306 iustitiae
1223 2226 1346 2332 publi-

177 2377 238 2430 cae
266 2353 466 2433 honestatis
495 2353 786 2460 impedimentum
815 2355 940 2433 saltem
970 2353 1119 2432 orietur.

258 2486 295 2556 3.
329 2481 373 2556 ia
401 2503 484 2557 vero
504 2478 758 2582 inquirendum
777 2491 832 2556 est
861 2477 905 2556 ad
925 2501 1030 2581 quem
1049 2501 1164 2580 usque
1195 2475 1345 2577 gradum

177 2601 342 2706 publicae
371 2602 571 2683 honestatis
586 2603 877 2708 impedimentum
897 2601 1041 2680 dirimat
1060 2599 1340 2677 matrimonium.

176 2725 347 2814 Quocirca
375 2728 567 2806 statuenda
589 2729 677 2806 haec
704 2741 812 2806 suut:

258 2858 296 2928 i.
316 2852 500 2930 Primum:
522 2851 689 2930 Publicae
705 2851 905 2932 honestatis
920 2851 1213 2958 impedimentum
1228 2863 1346 2928 artum

178 2997 220 3052 ex
250 2975 478 3079 sponsalibus
507 2991 581 3055 tum
620 2975 664 3054 de
693 2975 827 3072 lutura,
859 2991 935 3056 tum
973 2977 1017 3056 de
1051 2975 1246 3080 praesenti,
1287 2973 1344 3052 vel

179 3097 286 3176 etiam
306 3098 488 3195 invalidis,
520 3099 710 3178 dummodo
730 3101 897 3179 invalidis
925 3127 996 3180 nan
1026 3125 1068 3178 ex
1090 3097 1231 3178 delectu
1260 3123 1349 3176 con·

179 3243 306 3298 sensus
334 3222 389 3300 rel
417 3249 460 3302 ex
499 3224 615 3328 priore
653 3223 817 3329 publicae
855 3225 1055 3303 honestatis
1093 3221 1348 3328 impedimenta

179 3358 256 3424 orta
284 3371 327 3424 ex
356 3347 582 3450 sponsalibus
610 3347 727 3426 aalide
755 3348 947 3427 contractis
976 3347 1050 3454 (5),
1082 3345 1230 3451 antiqua
1266 3346 1351 3425 iure

178 3473 441 3550 matrimonium
469 3471 658 3550 dirimebat
685 3497 801 3576 usque
828 3470 873 3548 ad
902 3484 1069 3575 quartum
1101 3468 1262 3574 gradum.
1286 3473 1344 3549 lta

181 3597 273 3674 euim
302 3596 379 3674 iura
401 3597 611 3701 loquuntur,
644 3595 793 3674 utillud
823 3596 867 3674 ad
887 3595 1171 3698 consanguineos
1199 3592 1345 3672 extendi

215 3848 220 3859 ,
247 3791 284 3864 (1)
304 3793 429 3848 Suucbez
451 3791 502 3848 tto.
523 3795 548 3846 7.
570 3791 645 3862 disp.
667 3797 712 3846 aa.
733 3807 783 3846 nn.
807 3796 868 3846 t-2.
885 3799 912 3848 et
931 3791 1006 3862 disp.
1028 3793 1072 3846 70.
1093 3805 1122 3846 ni
1145 3795 1170 3844 2.

249 3879 287 3952 (i)
307 3881 423 3938 Constat
433 3895 468 3938 ex
481 3896 543 3952 cap.
559 3880 674 3938 iuuenis
685 3885 712 3936 a.
726 3895 789 3951 cap.
804 3881 844 3937 ad
854 3880 1039 3936 audientiam
1053 3885 1079 3934 t.
1096 3893 1157 3950 cap.
1170 3891 1306 3950 sponsam
1316 3883 1344 3932 8.

186 3969 421 4042 desponsalibus
440 3977 467 4028 et
479 3971 692 4035 matrimauim
706 4001 723 4010 -
738 3976 765 4026 et
783 3969 950 4040 praesertim
970 3983 1032 4041 cap.
1053 3969 1131 4026 unic.
1153 3969 1186 4026 dc
1202 3966 1346 4040 sparmati-

187 4057 238 4116 lars
256 4065 282 4116 at
301 4060 496 4116 matrimonia
514 4059 549 4116 in
567 4060 594 4115 6.
609 4089 627 4098 -·
640 4061 709 4116 item
730 4073 767 4114 ex
785 4058 949 4114 Tridentino
966 4073 1030 4116 scas.
1052 4064 1096 4114 2t.
1117 4073 1179 4130 cap.
1200 4063 1227 4114 3.
1248 4057 1282 4114 dc
1300 4070 1344 4112 rc·

184 4149 300 4220 braant.
321 4149 457 4204 matrim.

250 4235 288 4310 (3)
308 4236 356 4294 Cir
376 4237 502 4294 sanabor
523 4237 574 4294 tib.
597 4243 622 4293 7.
644 4235 718 4308 disp.
741 4242 784 4292 70.
804 4251 834 4290 a.
856 4240 882 4290 t.

253 4327 286 4396 (4)
306 4329 422 4383 canstat
447 4325 613 4398 praesertim
633 4341 668 4382 ex
688 4323 925 4381 declarationes.
946 4323 987 4380 Pii
1010 4325 1029 4376 V
1055 4323 1084 4378 iu
1111 4326 1205 4380 const.
1226 4321 1272 4378 Ad
1295 4324 1347 4378 iia·

187 4427 305 4471 manum
326 4419 351 4469 t.
373 4413 436 4471 iulii
457 4415 535 4472 1568.
551 4414 629 4472 -cir
648 4414 733 4472 ctiam
754 4411 895 4470 Benedici.
916 4413 975 4468 iilv
995 4417 1103 4484 quaest.
1125 4425 1227 4467 canan.
1249 4415 1312 4466 29t.

253 4499 293 4574 (ὁ)
312 4505 426 4561 Constat
445 4517 480 4560 ex
501 4519 563 4576 cap.
585 4503 664 4562 uuic.
684 4501 714 4573 S.
736 4507 760 4558 t.
783 4501 816 4558 dc
833 4500 960 4574 sponsat.
981 4507 1006 4558 ct
1025 4499 1160 4558 matrim.
1183 4499 1212 4555 iu
1231 4500 1259 4554 6.
