3424 5300
864 501 900 515 -
925 471 980 533 itt
1003 503 1039 516 -

375 595 488 674 bibito
515 596 668 702 parocho
696 595 739 674 de
760 595 836 676 iure
864 595 1068 676 adhibendo
1087 624 1128 677 ae
1148 597 1300 707 testibus
1328 595 1401 702 (i).
1428 598 1531 694 Quia,

374 734 416 799 ut
442 720 576 799 dictum
606 733 674 842 cst,
705 722 823 827 quoad
851 736 1055 801 contractus
1085 723 1343 802 solemnitatem
1368 737 1536 802 tenentur

245 875 247 882 J
372 847 583 925 contrahere
612 847 713 925 iuxta
734 847 846 952 legem
860 862 897 928 et
916 848 1208 927 cousuetudinem
1227 847 1277 927 ibi
1298 861 1487 953 receptam.
1511 896 1534 910 -

378 971 572 1048 Vlceoerac.

453 1095 632 1174 Secundo:
661 1096 696 1174 Si
725 1095 952 1183 incelebri,
987 1096 1024 1173 in
1056 1121 1126 1200 quo
1163 1109 1344 1201 receptum
1377 1109 1430 1174 est
1458 1097 1537 1176 Tri-

373 1219 573 1316 dentinum,
605 1245 642 1298 se
671 1219 806 1300 confert
834 1220 877 1298 ad
906 1221 1021 1298 locum
1050 1220 1112 1300 ubi
1140 1220 1233 1299 idem
1261 1220 1440 1306 decretum
1469 1246 1534 1302 nec

372 1353 553 1446 receptum
582 1343 712 1424 necin
741 1369 808 1421 usu
837 1356 904 1439 est,
942 1344 1062 1447 ibique
1091 1344 1278 1422 contrahat
1310 1369 1390 1422 cum
1417 1344 1532 1424 incolo

372 1465 470 1546 illius
500 1467 567 1546 loci
593 1467 854 1546 clandestinum
891 1469 1107 1572 coniugium,
1139 1467 1254 1546 valide
1292 1470 1484 1550 contrahit.
1508 1517 1534 1531 -

372 1593 526 1671 Ratione
554 1594 646 1670 enim
663 1591 925 1670 individuitatis
944 1606 1161 1686 contractus
1180 1592 1271 1670 alter
1289 1617 1441 1698 sponsus
1460 1593 1535 1698 pri·

372 1715 500 1820 vilegio
529 1713 660 1818 gaudet
688 1713 743 1792 sui
772 1715 958 1809 consortia,
990 1741 1033 1794 eu
1066 1714 1222 1793 omnium
1256 1717 1452 1811 sententia3
1484 1717 1535 1794 si-

372 1851 433 1916 cut
460 1838 636 1942 parochus
664 1837 783 1941 sponsi
800 1841 963 1944 proprius
983 1851 1038 1918 est
1057 1839 1162 1918 etiam
1183 1839 1348 1944 proprius
1362 1865 1527 1944 sponsae,

374 1985 453 2040 curn
482 1961 733 2040 contrahentes
762 1975 846 2040 sunt
874 1987 917 2039 ex
945 1961 1095 2040 dirersis
1123 1961 1344 2067 parochiis(
1374 1961 1402 2065 ).

456 2085 591 2163 Tertio:
622 2086 657 2162 Si
692 2097 765 2164 tent
798 2085 990 2190 elaqueat
1018 2083 1148 2162 mulier
1182 2086 1254 2163 sint
1288 2083 1423 2163 incolae
1450 2083 1533 2172 loci,

372 2210 409 2285 in
438 2231 508 2314 quo
537 2206 770 2286 tridentinum
798 2208 978 2288 decretum
1006 2222 1186 2313 receptum
1220 2221 1288 2303 est,
1327 2209 1389 2312 qui
1417 2207 1463 2286 ad
1481 2209 1535 2287 lo-

373 2357 453 2410 cum
481 2345 684 2426 transeunt,
717 2329 753 2408 in
780 2358 852 2436 quo
879 2332 967 2410 illud
996 2345 1177 2437 receptum
1206 2359 1276 2412 non
1305 2347 1360 2412 est
1379 2348 1441 2412 aut
1460 2361 1531 2413 non

373 2457 484 2558 viget,
516 2455 705 2534 dummodo
733 2481 770 2534 se
799 2455 1015 2534 transierant
1042 2457 1158 2535 animo
1185 2469 1226 2534 ut
1241 2439 1290 2534 ibi
1318 2483 1442 2536 verum
1469 2459 1532 2537 do-

371 2577 546 2657 micilium
574 2579 630 2656 vel
650 2578 786 2684 quosi—
800 2577 1022 2658 domicilium
1041 2579 1151 2682 ligant
1172 2579 1245 2684 (3),
1268 2581 1531 2660 matrimonium

371 2701 503 2780 ibidem
531 2702 608 2780 sine
636 2701 790 2806 parocho
809 2727 850 2782 ac
877 2703 1031 2782 testibus
1046 2703 1090 2781 ab
1111 2703 1154 2781 iis
1174 2703 1301 2782 initum
1323 2705 1430 2784 valet.
1453 2709 1529 2784 lam

372 2827 465 2905 enim
494 2852 557 2932 per
593 2826 808 2904 domicilium
836 2827 892 2905 rel
919 2827 1023 2932 quasi
1043 2873 1066 2888 -
1086 2827 1301 2907 domicilium
1334 2829 1417 2909 facti
1446 2843 1533 2910 sunt

373 2949 508 3028 incolae
537 2949 634 3028 illius
661 2950 742 3045 loci,
765 2949 802 3027 iu
816 2975 887 3054 quo
901 2949 1135 3030 tridentinum
1155 2977 1227 3032 non
1246 2952 1391 3056 obligat.
1406 2958 1531 3034 -Item

453 3079 608 3163 Quarto:
639 3073 674 3151 Si
702 3073 807 3151 iidem
835 3075 970 3152 incolae
998 3077 1034 3152 in
1055 3075 1274 3180 praedictum
1294 3077 1408 3156 locum
1427 3105 1447 3156 a
1467 3079 1533 3156 tri-

370 3193 509 3272 dentini
537 3195 751 3299 obligatione
784 3210 986 3302 euernptum
1018 3223 1056 3276 se
1083 3199 1270 3279 conferunt
1302 3201 1379 3278 sine
1412 3203 1531 3281 inten-

370 3321 467 3398 tione
495 3321 662 3398 domicilii
691 3334 754 3399 aut
781 3324 883 3425 quasi
904 3321 1111 3401 -domicilii
1139 3323 1270 3402 ibidem
1298 3325 1429 3428 ligendi
1458 3351 1527 3404 ooo

370 3455 488 3522 tomen
516 3469 595 3522 cum
614 3445 759 3548 froude,
775 3445 866 3524 idesl
895 3446 1092 3526 intentione
1125 3448 1358 3527 contrahendi
1386 3448 1532 3529 clande-

369 3569 477 3662 stine,
508 3565 624 3646 valide
651 3566 701 3645 ibi
730 3593 789 3647 eos
817 3571 1041 3664 contrahere,
1073 3573 1234 3675 quamvis
1254 3572 1344 3651 inito
1363 3574 1527 3677 coniugio

368 3715 434 3768 nec
453 3691 645 3796 parochum
664 3715 729 3769 nec
747 3703 853 3770 testes
872 3693 1116 3789 adhibuerint,
1135 3719 1178 3774 eu
1197 3697 1427 3774 communiori
1445 3721 1532 3798 sen·

367 3813 481 3892 tentia
496 3839 575 3918 cum
590 3814 747 3892 Sanchec
764 3814 967 3919 (i)‚Pontio
984 3817 1185 3920 (5),teneut
1199 3819 1464 3921 Reiffenstuel(
1494 3819 1525 3925 )‚

436 3983 474 4056 (l)
496 3985 621 4042 Sanchez
642 3985 694 4041 lib.
714 3991 740 4042 5.
762 3985 838 4056 disp.
861 3991 903 4042 i8.
924 4002 954 4042 u.
974 3993 1007 4043 26
1026 4001 1091 4044 curu
1112 3991 1268 4047 communi.

435 4072 475 4146 (i)
496 4075 593 4146 tingui.
617 4073 668 4130 lib.
691 4081 716 4130 i.
737 4075 784 4132 ili.
804 4082 830 4131 5.
851 4091 881 4132 n.
902 4081 946 4132 20.

435 4163 469 4234 (3)
489 4164 561 4228 Quid
581 4163 616 4219 od
635 4163 810 4220 domicilium
829 4165 998 4237 autquasi*
1011 4165 1188 4226 domicilium
1207 4169 1412 4240 acquirendum
1432 4171 1530 4240 requi-

364 4259 454 4318 ratur,
476 4267 544 4308 mox
563 4251 685 4318 dicam„

435 4338 474 4412 (4)
494 4339 555 4396 Lib.
575 4345 601 4398 3.
623 4341 699 4413 disp.
722 4345 764 4396 i8.
785 4358 815 4396 n.
834 4347 879 4400 28.

436 4424 477 4496 (5)
496 4429 534 4483 De
552 4429 688 4484 matrim.
712 4427 762 4485 lib.
783 4435 810 4484 6.
830 4445 854 4485 c.
875 4436 901 4486 9.
922 4445 953 4486 u.
973 4434 1000 4486 2.

437 4515 473 4586 (o)
491 4515 552 4572 Lib.
574 4521 599 4570 η’.
616 4517 662 4574 tlt.
683 4521 710 4573 3.
732 4533 762 4574 n.
784 4519 844 4574 425.
