3402 5292
689 443 722 452 -
746 407 804 470 :tto
828 441 861 453 -

276 545 315 613 e.
338 539 471 640 Inque
493 535 703 640 quaestione
723 533 834 612 babes
853 533 1067 638 exemplum,
1090 557 1162 637 quo
1176 557 1247 610 non
1261 531 1361 609 vide-

195 671 254 734 tur
281 673 406 762 raptus
434 657 593 738 molieris
620 658 806 752 committi,
839 656 869 734 si
897 657 951 733 vir
979 670 1015 735 et
1034 655 1161 734 mulier
1179 654 1352 733 sinedolo

193 777 238 856 ad
267 779 416 858 invicem
445 781 795 886 amorecapiantur,
826 795 862 859 et
890 779 1018 858 exinde
1050 779 1177 857 mulier
1204 803 1356 856 consen-

193 903 301 996 tiens,
324 905 394 982 imo
414 919 555 1010 raptum
575 929 778 1010 proponens
807 903 1021 997 abducatur,
1044 928 1087 981 01
1107 900 1262 1008 eoquod
1282 915 1356 980 tra·

193 1042 312 1107 ctatus
339 1029 383 1109 de
411 1029 568 1109 ineundo
595 1031 834 1122 matrimonio,
856 1053 899 1106 011
918 1027 1140 1134 oppositione
1167 1040 1357 1132 pareutum

194 1176 266 1230 non
292 1153 476 1258 potuerint
504 1152 681 1232 concludi.
714 1155 790 1242 Ouo
819 1152 857 1230 in
883 1175 969 1230 casu
997 1149 1146 1230 dicenda
1166 1163 1223 1229 001
1239 1151 1357 1256 potius

192 1274 274 1379 luga
303 1277 462 1355 mulieris
490 1303 569 1356 cum
598 1277 688 1370 viro,
720 1289 760 1354 ut
788 1275 899 1354 libere
926 1274 1190 1354 matrimonium
1214 1287 1356 1354 contra·

193 1397 296 1494 hant,
326 1423 434 1504 quam
462 1414 602 1506 raptus.

276 1531 337 1602 10.
357 1523 477 1601 111010
494 1522 648 1602 babetur
668 1522 911 1601 decisiobuius
930 1522 1069 1624 generis
1084 1521 1121 1598 in
1153 1519 1353 1600 olomucen.

192 1645 414 1724 matrimonii
433 1647 491 1726 die
520 1655 569 1727 20
598 1649 742 1750 augusti
761 1655 860 1726 1769
881 1645 1043 1740 definita,
1063 1659 1099 1726 et
1121 1647 1249 1726 iterum
1273 1673 1358 1726 oon-

192 1766 331 1846 firmata
359 1767 415 1846 die
448 1777 493 1848 11
524 1771 641 1848 1001111
674 1778 788 1849 1772.
820 1773 862 1847 10
888 1769 955 1848 bac
973 1795 1080 1848 causa
1109 1769 1283 1874 agebatur
1311 1769 1355 1849 de

193 1891 301 1969 nobili
331 1892 458 1987 milite,
489 1895 552 1997 qui
567 1907 744 1972 nocturno
765 1907 922 1998 tempore
942 1895 1062 1999 rapuit
1082 1893 1236 1974 nobilem
1254 1896 1357 1999 puel-

192 2015 275 2110 lam,
306 2017 519 2121 parentibus
551 2017 727 2112 orbatam,
760 2031 796 2096 et
825 2032 1099 2096 commorantem
1123 2019 1217 2124 apud
1248 2019 1356 2098 tutri-

191 2167 280 2236 cem,
311 2167 459 2246 eamque
489 2143 677 2222 transtulit
692 2143 729 2220 10
748 2141 926 2248 quoddam
947 2141 1115 2247 oppidum
1135 2142 1230 2247 apud
1250 2169 1354 2221 suum

192 2269 390 2372 patruelem
419 2265 530 2373 (idest
560 2267 758 2373 patruelem
786 2267 899 2371 ipsius
928 2266 1026 2370 viri),
1059 2265 1190 2345 ibidem
1213 2265 1351 2362 relicta,

191 2392 419 2470 asserebatur
445 2417 524 2470 enm
553 2391 663 2470 libere
683 2403 927 2469 conversatam
947 2389 1070 2468 luisse.
1096 2395 1177 2469 Post
1196 2390 1350 2484 1611100,

191 2540 309 2592 coram
329 2515 543 2620 Coppellano
562 2513 740 2592 castrensi·
755 2527 791 2592 et
819 2512 960 2591 duobus
989 2512 1144 2592 testibus
1172 2513 1356 2594 matrimo-

192 2639 290 2716 nium
318 2651 588 2718 contranerunt.
621 2636 755 2716 Deinde
784 2663 863 2716 oum
882 2637 1065 2716 civitatem
1085 2637 1352 2718 Olomuoensem

190 2765 361 2858 adierint,
394 2777 472 2843 0110
508 2763 617 2843 dubio
637 2763 680 2842 de
701 2764 809 2842 huius
827 2763 1041 2842 matrimonii
1061 2763 1263 2859 validitate,
1290 2765 1354 2842 ad·
1469 2758 1472 2764 ’

190 2890 316 2968 moniti
334 2890 479 2968 luerunt
507 2889 675 2992 coniuges
690 2887 735 2965 ab
754 2887 929 2992 Episcopo
943 2899 979 2965 et
994 2885 1231 2991 prudentibus
1251 2888 1350 2982 viris,

190 3025 231 3092 ut
259 3013 447 3092 seiunctim
476 3013 652 3105 viverent,
684 3025 721 3090 01
748 3011 875 3088 mulier
904 3010 941 3087 in
969 3010 1084 3088 locum
1104 3023 1221 3089 tutum
1241 3035 1279 3089 se
1298 3037 1355 3090 re-

190 3136 338 3242 ciperet.
370 3141 500 3216 Verum
521 3135 692 3238 neglectis
713 3134 810 3212 bisce
830 3133 988 3228 10001110,
1011 3132 1192 3211 0101011010
1211 3133 1349 3226 1011010,

190 3261 357 3339 01101001
384 3259 563 3366 quoddam
583 3259 821 3351 Fortalitium,
844 3257 964 3362 ibique
984 3271 1065 3363 post
1087 3283 1220 3336 morem
1247 3257 1354 3362 quin-

189 3409 258 3488 que
285 3384 459 3462 mensium
488 3407 606 3462 coram
624 3381 779 3488 parocho
798 3380 1017 3477 ottonibus,
1035 3381 1250 3460 matrimonii
1266 3405 1350 3459 cou-

189 3521 334 3586 sensum
361 3521 593 3587 renovarunt.
626 3511 769 3585 Interea
798 3530 841 3584 ex
869 3504 1037 3606 evulgato
1051 3518 1176 3609 raptus
1195 3528 1348 3598 rumore,

189 3643 373 3734 sequestro
401 3629 560 3708 subiecta
590 3630 732 3708 luerent
750 3627 843 3706 bona
861 3625 1145 3706 adolescentulae
1161 3630 1198 3705 in
1218 3627 1354 3706 ditione

189 3751 371 3832 borussiea
398 3753 592 3832 existentia
625 3752 720 3858 quod
749 3751 877 3831 deinde
897 3749 965 3830 luit
983 3767 1201 3848 revocatum,
1224 3753 1352 3831 emissa

189 3897 253 3979 per
268 3876 568 3955 adolescentulam
584 3877 840 3970 declaratione,
863 3901 934 3980 qua
954 3873 1147 3970 fatebatur,
1170 3901 1207 3953 se
1226 3888 1353 3981 sponte

190 4013 226 4078 et
254 3999 456 4077 voluntarie
485 4025 504 4075 a
525 4001 601 4078 viro
630 3999 739 4077 luisse
777 3995 983 4076 abductam.
1008 4001 1137 4075 Verum
1156 3998 1251 4077 inter
1270 4021 1354 4076 con-

190 4123 290 4226 iuges
316 4135 397 4228 pust
436 4122 557 4227 plures
590 4147 702 4200 annos
739 4119 954 4199 matrimonii
991 4121 1124 4198 exortis
1161 4120 1345 4214 dissidiis,

190 4250 317 4328 mulier
343 4249 463 4352 lugam
491 4249 656 4353 arripuit,
689 4263 725 4327 et
744 4274 774 4342 ‚a
803 4245 977 4324 catholica
1006 4247 1176 4349 religione
1204 4247 1348 4326 deiecit.

189 4372 373 4478 Proposita
402 4397 465 4478 per
493 4371 675 4451 mulierem
698 4373 913 4475 ,quaestione
942 4392 1049 4472 super
1082 4369 1249 4448 nullitate
1277 4395 1354 4446 100-
1447 4425 1449 4430 -
