3402 5292
860 505 898 518 -
920 474 978 538 340
999 507 1036 522 ..

379 595 544 676 trimonio
571 595 729 676 fidelium
757 553 1013 692 consummato,
1043 624 1114 703 quo
1141 599 1310 703 coniuges
1347 600 1440 682 fiunt
1468 629 1542 682 una

378 743 478 816 caro;
510 732 545 798 et
573 734 660 800 tunc
696 721 810 802 locum
838 722 949 802 hahet
976 723 1064 802 illud
1093 723 1224 804 Christi
1251 725 1409 830 (llatth.
1440 728 1546 834 XIX)

382 843 481 935 Quod
508 853 600 924 Deus
628 845 829 934 coniunxit,
857 847 959 925 homo
986 873 1057 926 non
1091 860 1231 952 separet
1266 851 1363 954 (Gft.
1384 852 1545 932 Sanchez

381 975 447 1074 op.
478 971 539 1049 cit.
571 971 663 1076 disp.
697 981 759 1050 13.
792 997 854 1050 nn.
889 973 1360 1078 1-2etoeqp.-Clericat.
1391 974 1458 1054 loc.
1477 977 1541 1056 cit.

377 1093 484 1174 decis.
507 1103 545 1174 7.
568 1121 605 1172 n.
638 1105 706 1192 23;
737 1095 843 1176 decis.
879 1106 941 1178 to.
973 1123 1036 1176 nn.
1072 1106 1116 1176 17
1146 1109 1181 1176 et
1204 1124 1321 1204 cappa
1348 1099 1455 1180 decis.
1477 1112 1542 1182 15.

377 1243 414 1296 n.
447 1228 495 1298 39
525 1217 625 1324 etc).
644 1265 668 1278 -
686 1225 847 1300 lamvero
875 1221 1156 1302 luculentissime
1184 1223 1357 1328 probatur
1384 1251 1455 1306 non
1485 1225 1545 1305 lu-

376 1342 446 1420 isse
474 1359 756 1424 consummatum
784 1345 1047 1424 matrimonium
1083 1345 1228 1450 quando
1256 1371 1299 1425 ex
1329 1374 1401 1426 una
1439 1363 1543 1454 parte

376 1465 617 1548 ineluctabilia
645 1483 844 1574 suppetunt
872 1483 1095 1570 argumenta,
1131 1493 1224 1575 quae
1252 1470 1362 1575 probe
1391 1472 1542 1552 demon·-

375 1603 492 1670 strant
519 1591 593 1670 oiri
618 1592 862 1697 impotentiam
889 1591 1036 1672 coeundi
1064 1592 1332 1672 antecedentem
1347 1607 1382 1674 et
1407 1595 1546 1700 perdu-

375 1729 514 1794 rantem
559 1717 648 1797 inito
693 1715 942 1811 matrimonio,
974 1716 1099 1795 saltem
1150 1717 1322 1822 quamdiu
1372 1719 1546 1820 coniuges

376 1842 704 1923 cohabitationem
737 1840 1015 1921 condormitione
1054 1841 1165 1920 vitam
1192 1841 1297 1920 simul
1331 1841 1539 1941 duxerunt;

377 1977 412 2044 et
440 1991 483 2044 ex
512 1966 624 2046 altera
652 1965 832 2044 hahentur
860 1964 976 2066 signa,
993 1963 1231 2058 characteres,
1254 1980 1464 2068 argumenta
1484 1966 1547 2044 in-

375 2100 495 2194 teproe
525 2089 747 2196 cirpinitotit
786 2090 930 2176 umoris,
963 2088 1105 2166 omnino
1138 2089 1305 2194 physion,
1341 2088 1537 2184 evidentia,

376 2227 473 2292 certa
500 2212 574 2320 (1).
606 2217 722 2303 Quare
750 2213 838 2292 haec
864 2237 896 2290 a.
928 2211 1159 2314 Congregatio
1184 2213 1221 2290 in
1244 2214 1437 2292 Tunrinen.
1457 2211 1544 2292 nul·-

375 2334 490 2416 litotis
517 2363 578 2416 sen
605 2335 877 2443 dispensationis
905 2334 1128 2413 matrimonii
1159 2345 1176 2414 t
1206 2335 1324 2414 martii
1347 2344 1464 2430 teto,
1482 2350 1542 2416 at-

374 2473 475 2540 tenta
502 2461 569 2538 riri
597 2459 805 2565 impotentia
833 2457 982 2538 coeundi
1001 2483 1044 2538 er
1065 2457 1273 2560 frigiditate,
1296 2471 1332 2537 et
1352 2473 1539 2564 perspecta

375 2585 497 2664 uxoris
514 2585 663 2692 physica
682 2583 901 2687 virginitate,
923 2581 1064 2660 duobus
1081 2580 1273 2686 propositis
1291 2579 1411 2659 dubiis
1430 2606 1542 2686 super

374 2707 542 2786 nullitate
560 2706 791 2804 matrimonii,
812 2719 849 2786 et
868 2731 976 2810 super
1003 2703 1270 2809 dispensatione
1289 2704 1448 2784 eiusdem
1470 2705 1541 2783 rati

374 2845 410 2908 et
438 2855 509 2909 non
532 2829 784 2924 consummati,
814 2829 1011 2934 rospondit,
1042 2855 1114 2908 esse
1139 2827 1390 2908 consulendum
1429 2836 1541 2906 SSmo

370 2979 439 3058 pro
457 2953 732 3058 impotentiorem
760 2965 794 3030 et
822 2953 872 3030 sic
891 2953 929 3030 in
948 2952 1028 3030 aliis
1055 2951 1203 3057 pluries.
1227 2995 1251 3010 ··
1271 2952 1378 3056 Atqui
1399 2951 1437 3030 in
1457 2953 1543 3032 the-

373 3091 466 3155 mate
494 3078 697 3182 plenissime
725 3089 863 3155 constat
889 3075 934 3154 de
962 3078 1033 3154 Caii
1063 3076 1269 3180 impotentia
1297 3074 1447 3153 coeundi
1476 3101 1546 3152 an·

373 3200 550 3281 tecedenti
581 3214 617 3278 ct
656 3214 858 3306 perpetua,
889 3211 930 3278 ut
962 3223 1070 3303 supra
1112 3197 1296 3291 vidimus,
1328 3199 1538 3302 praesertim

373 3351 393 3402 a
425 3351 463 3402 n.
497 3334 544 3403 15
573 3321 618 3400 ad
647 3331 715 3419 293
748 3336 783 3401 et
811 3325 841 3401 si
868 3321 955 3428 quid
983 3321 1083 3400 dubii
1111 3321 1193 3426 quis
1220 3321 1326 3400 vellet
1356 3321 1531 3422 ingerere,

372 3451 408 3530 id
437 3475 620 3556 nunquam
657 3473 761 3552 agere
790 3461 907 3554 posset
935 3474 1042 3553 super
1069 3445 1259 3526 existentia
1296 3444 1440 3524 rehellis
1469 3446 1538 3523 im-

371 3575 567 3682 potentiae,
598 3573 660 3653 sed
688 3573 747 3650 vix
776 3598 883 3677 super
910 3569 1069 3651 eiusdem
1097 3570 1335 3676 perpetuitate
1364 3583 1445 3675 post
1465 3569 1533 3650 tori

372 3701 644 3806 separationem.
662 3701 790 3776 -ltem
819 3697 1022 3802 plenissime
1049 3711 1085 3774 et
1112 3695 1297 3774 evidenter
1324 3708 1466 3774 constat
1493 3693 1536 3772 de

367 3824 516 3930 physico
534 3821 742 3926 cirpinitotc
758 3821 883 3900 ‘luline
910 3833 1097 3926 postquam
1125 3846 1145 3896 a
1174 3819 1330 3898 thalamo
1356 3811 1532 3921 coniugali

371 3948 531 4043 recessit,
561 3947 657 4052 quod
673 3945 731 4024 hic
759 3943 972 4024 ostenditur.

452 4085 516 4154 33.
546 4076 591 4150 lit
618 4097 656 4149 re
683 4070 828 4174 quidem
855 4095 939 4150 vera
958 4071 1035 4174 ipse
1049 4069 1211 4164 Zaoohia,
1233 4069 1295 4173 qui
1311 4094 1331 4146 a
1346 4066 1534 4146 detonsam

370 4197 567 4279 caliditatis
593 4193 807 4276 matrimonii
826 4196 957 4275 citatur
977 4207 1100 4274 contra
1119 4205 1327 4296 argumenta
1346 4217 1440 4297 quae
1459 4191 1538 4270 vir·

441 4393 479 4469 (1)
497 4395 545 4454 Cir
568 4395 598 4452 in
621 4395 782 4468 appendice
802 4397 827 4448 5·
843 4392 963 4450 aiteram
985 4389 1203 4447 instructionem
1218 4399 1369 4457 supremae
1383 4385 1413 4441 C.
1436 4385 1465 4442 S.
1477 4383 1531 4442 Oli.

368 4499 456 4558 super
475 4485 530 4544 viri
548 4484 726 4558 impotentia,
747 4495 851 4542 utnon
870 4493 966 4540 secuta
987 4479 1161 4537 matrimonii
1181 4473 1437 4534 consummatione.
