3402 5292
852 471 884 479 -
912 437 969 498 352
991 469 1027 482 -

357 557 489 636 decisio
517 555 587 635 diei
619 566 667 636 tl
688 559 840 638 ianuarii
871 569 972 641 1608
988 561 1048 666 (i)
1078 561 1135 638 his
1153 575 1324 664 concepta
1353 559 1525 638 verbis:-

360 717 377 754 «
402 681 594 760 Concilium
622 684 811 789 procedere
831 685 938 764 etiam
956 687 991 764 in
1008 686 1154 764 muliere
1183 685 1338 776 volente,
1370 683 1455 760 dum
1470 697 1528 762 ta-

292 877 294 884 t
364 829 487 882 «men
515 805 563 884 sit
591 821 717 912 raptus
754 808 856 888 iuxta
890 811 1060 890 terminos
1088 809 1178 888 iuris
1205 809 1530 913 civiliss-3quae-

358 927 508 1006 rendum
538 929 667 1009 estad
700 957 874 1036 quosnam
903 960 1008 1012 casus
1041 935 1127 1013 haec
1164 931 1326 1012 doctrina
1358 932 1395 1008 in
1423 931 1527 1036 praxi

361 1051 552 1132 reseratur.

439 1187 477 1256 2.
493 1183 590 1267 Quae
605 1178 816 1258 delinitiout
830 1180 969 1284 plenius
983 1179 1221 1283 intelligatur,
1239 1180 1443 1285 praenotari
1463 1179 1528 1260 de-

359 1305 446 1383 bent
474 1330 516 1382 ea
544 1330 636 1408 quae
656 1331 777 1384 sacrae
798 1311 969 1408 Congreg.
993 1310 1098 1384 Cone.
1122 1308 1157 1382 in
1179 1319 1260 1385 roto
1274 1305 1527 1385 Iurisconsulti

358 1429 632 1535 exponebantur
661 1431 734 1536 (ἓ).
765 1430 1035 1535 Proponcbatur
1055 1431 1147 1508 enim
1175 1431 1364 1509 cohaerere
1392 1430 1525 1534 optime

356 1577 460 1658 posse
476 1578 556 1631 oum
571 1567 701 1632 natura
716 1567 841 1658 raptus
856 1579 1068 1633 consensum
1082 1553 1223 1658 puellae
1244 1554 1281 1632 in
1306 1555 1422 1658 ipsum
1443 1579 1527 1658 rap-

359 1691 448 1754 tom.
487 1707 505 1749 a
543 1680 685 1782 Raptus
717 1679 951 1756 committitur
989 1677 1129 1780 (sicin
1162 1675 1267 1780 voto)
1305 1680 1413 1756 etiam
1445 1703 1526 1755 cum

361 1801 549 1879 «muliere
583 1801 743 1894 volente,
779 1800 846 1908 leq.
886 1803 981 1880 uuio.
1022 1807 1059 1880 G.
1096 1801 1138 1880 dc
1170 1813 1266 1906 roqt.
1298 1803 1391 1906 oirq.
1424 1805 1463 1902 ξ.
1495 1801 1529 1878 si

361 1924 512 2010 «euim,
541 1922 603 2002 ubi
632 1924 763 2003 dicitur
790 1925 886 2029 quod
923 1925 984 2002 boo
1013 1923 1231 2029 ipsumoclle
1262 1923 1454 2004 muliorum
1482 1923 1527 2002 ub

362 2077 378 2116 «
403 2045 544 2125 insidiis
573 2047 780 2153 nequissimi
806 2047 957 2128 lioruiur's
986 2047 1049 2152 qui
1062 2048 1259 2127 meditatur
1287 2049 1528 2154 ropiuoruiu-

363 2201 380 2242 «
404 2169 571 2248 ducitur:
596 2172 706 2277 idque
725 2172 884 2277 procedit
903 2173 1011 2250 etiam
1030 2173 1074 2250 de
1089 2175 1165 2250 iure
1185 2175 1354 2251 canonico
1382 2185 1423 2251 ut
1443 2197 1528 2278 pro-

362 2295 466 2374 ‹bat
495 2309 616 2375 textus
644 2297 681 2374 in
708 2321 787 2402 cop.
815 2295 970 2402 placuit,
991 2323 1088 2374 cous.
1112 2305 1175 2376 36.
1199 2323 1233 2402 q.
1258 2305 1318 2377 2»
1346 2295 1396 2376 ibi
1427 2297 1526 2401 «qui

363 2418 554 2524 ‹rupiuut
589 2419 759 2522 scmiuos,
787 2422 964 2525 suroutur
991 2432 1055 2500 out
1086 2417 1273 2507 seducunt,
1309 2434 1345 2498 et
1372 2443 1452 2524 cup.
1484 2419 1527 2497 dc

362 2541 607 2646 «raptoribus
636 2567 733 2620 cous.
767 2551 830 2622 36.
863 2569 897 2648 q.
924 2553 959 2638 l,
982 2557 1018 2621 et
1047 2543 1097 2622 ita
1130 2567 1295 2648 expresso
1326 2556 1425 2620 tenet
1454 2541 1527 2620 Ab·

363 2695 380 2736 «
405 2665 468 2752 bas
496 2679 566 2745 eto.
599 2669 644 2744 Et
664 2667 755 2745 ratio
774 2680 844 2760 est,
862 2693 969 2772 quam
988 2666 1105 2745 reddit
1126 2679 1248 2746 textus
1268 2665 1304 2742 in
1323 2665 1399 2767 lege
1419 2663 1525 2743 unica

364 2789 462 2868 «his
490 2790 635 2869 verbis:
678 2791 750 2869 uisi
777 2797 871 2869 euim
900 2805 1023 2896 ruptor
1060 2815 1136 2870 eom
1170 2787 1431 2882 sollicitaverit,
1455 2785 1526 2866 uisi

365 2945 382 2986 a
407 2914 533 2993 odiosis
562 2915 699 2994 ortibus
732 2915 1109 3002 circummunitam
1136 2915 1228 3018 fucit
1256 2939 1333 2992 eom
1369 2911 1462 2992 uelle
1489 2911 1527 2989 iu

364 3069 382 3110 a
407 3051 547 3116 tontum
566 3040 711 3118 dedecus
731 3067 802 3118 sese
817 3040 986 3145 prodere:
1004 3039 1154 3143 ideoque
1169 3039 1296 3117 mulier
1316 3049 1419 3142 rapta
1433 3061 1525 3115 sem·

365 3187 470 3266 «per
497 3164 736 3267 praesumitur
764 3163 925 3258 seducta,
958 3178 993 3242 et
1022 3163 1185 3267 decepta.
1209 3161 1328 3240 lhbas
1355 3173 1426 3238 etc.
1448 3191 1467 3232 ν
1489 3173 1524 3239 et

362 3300 442 3390 post
472 3287 540 3365 alia
569 3287 662 3366 idem
690 3287 971 3366 Iurisconsultus
991 3285 1296 3393 prosequebatur:
1330 3283 1524 3390 «denique

365 3445 382 3482 a
407 3409 500 3489 hanc
525 3411 724 3516 opinionem
754 3411 938 3492 confirmat
968 3426 1089 3492 textus
1108 3437 1186 3517 cop.
1210 3435 1289 3488 cum
1309 3436 1433 3497 causo,
1453 3435 1524 3516 qno

365 3535 591 3614 «manifeste
620 3535 806 3640 probatur,
838 3549 980 3641 raptum
1013 3534 1182 3614 committi
1199 3534 1307 3613 otiam
1339 3557 1419 3614 oum
1448 3559 1525 3612 mu-

364 3660 490 3739 «liere
519 3660 676 3753 volente,
709 3659 792 3738 dum
821 3659 971 3764 requirit
1000 3660 1043 3738 ad
1072 3657 1333 3738 excludendum
1366 3671 1519 3764 raptum,

363 3797 446 3862 «ut
475 3797 582 3862 antea
610 3783 654 3861 de
683 3783 818 3888 nuptiis
846 3796 966 3862 actum
993 3783 1055 3876 sit,
1078 3785 1180 3861 etita
1200 3807 1268 3860 uou
1298 3781 1425 3886 sufficit
1444 3807 1525 3860 cou-

362 3939 380 4010 c
405 3931 524 3985 seusus
550 3906 692 4012 puellae
719 3907 789 3984 uisi
813 3906 1005 4011 proeoedot
1033 3917 1207 3984 troctotus
1223 3905 1264 3982 de
1282 3905 1524 3989 matrimouio,

413 4163 454 4240 (1)
476 4169 576 4224 Datum
596 4183 655 4224 non
674 4175 717 4224 est
736 4169 764 4224 in
784 4167 900 4225 archivo
920 4172 948 4224 s.
968 4171 998 4226 C·
1018 4171 1048 4227 C.
1073 4168 1199 4240 reperire
1218 4167 1292 4224 banc
1311 4165 1523 4232 resolutionem,

361 4255 496 4328 quamvis
515 4256 667 4328 diligenter
685 4257 861 4329 inquisitam.

414 4345 452 4420 (il
472 4349 531 4404 iioo
549 4354 649 4405 votum
669 4348 752 4404 refert
774 4349 898 4417 iiiganti:
925 4347 1162 4406 commortuum
1180 4348 1279 4419 nequi.
1297 4350 1427 4406 conseer
1441 4345 1524 4404 Ordi-

360 4435 560 4494 natcoucctt.
581 4443 677 4508 iperi.
698 4465 716 4475 -
736 4437 837 4508 Regni.
858 4437 902 4492 49.
923 4452 952 4492 n.
972 4437 1002 4492 7]
1026 4445 1053 4492 et
1072 4449 1151 4507 seqq.
