3444 5302
708 487 741 498 -
763 459 803 510 px
828 487 865 497 -

199 565 307 652 tibus
340 596 386 653 ac
419 573 468 656 de
501 567 675 654 iudiciali
714 596 904 680 processu
935 565 977 651 in
1015 565 1377 652 matrimonialibus

200 711 332 796 causis
379 711 621 800 conficiendo
654 739 839 824 agerem,
872 721 920 796 nt
951 737 1052 820 opus
1088 717 1132 798 et
1163 709 1293 819 magis
1332 709 1374 793 in

200 852 378 940 themate
425 853 676 956 absolutum,
709 863 751 942 et
782 851 1062 940 ecclesiasticis
1100 851 1233 938 Curiis
1270 853 1377 936 foret

199 995 350 1080 utilius.
385 995 542 1083 Salubri
566 995 662 1081 huic
694 995 858 1082 oonsilio
880 1021 1033 1080 morem
1055 1021 1214 1104 gerens,
1238 1021 1374 1078 susec-

200 1145 314 1246 ptnm
346 1163 446 1248 opus
478 1164 550 1248 pro
583 1165 764 1224 mearum
797 1137 996 1224 tenuitate
1028 1135 1174 1220 virium
1216 1135 1377 1245 meique

201 1279 392 1390 temporis
413 1279 610 1392 angustiis
627 1279 767 1366 sedulo
791 1309 837 1365 ac
858 1279 1031 1365 libenter
1053 1277 1221 1388 explevi.
1240 1278 1377 1387 Atque

203 1421 281 1506 alia
311 1421 405 1508 hine
436 1421 552 1526 ratio,
575 1449 654 1532 qua
676 1420 764 1506 Tibi
785 1421 911 1508 veluti
937 1419 1030 1505 duci
1052 1427 1093 1507 et
1115 1418 1266 1530 auspici
1288 1419 1375 1506 elu-

202 1567 413 1650 cubratum
445 1593 545 1674 opus
568 1563 655 1650 iure
684 1563 896 1648 dicandum
928 1563 1051 1648 luisse
1084 1560 1278 1648 duxerim.

293 1706 442 1816 Excipe
463 1705 601 1815 igitur,
623 1703 943 1792 Eminentissime
967 1705 1172 1815 Princeps,
1193 1731 1267 1814 pro
1288 1703 1376 1790 'l'ua

201 1875 281 1956 qua
324 1847 431 1956 apud
473 1871 610 1932 omnes
646 1845 937 1932 commendaris
984 1846 1258 1949 humanitate,
1296 1845 1375 1930 hoc

199 2014 346 2088 meum,
375 1986 667 2098 qualecumque
699 1989 763 2092 sit,
796 1991 846 2074 de
879 2014 993 2074 sacro
1015 1987 1192 2097 coniugii
1213 1987 1376 2072 foedere
1463 1969 1468 1986 ยน

201 2128 484 2213 canonicarum
525 2129 732 2214 notionum
765 2137 806 2216 et
837 2127 1170 2238 disceptationum
1202 2153 1375 2238 opuscu-

201 2269 305 2353 lum:
339 2268 540 2354 levidense
573 2270 733 2380 quidem
766 2299 929 2374 munuc,
967 2273 1037 2356 sed
1072 2277 1212 2382 gratae
1244 2269 1285 2354 in
1318 2271 1376 2353 Te

203 2438 317 2497 meae
350 2411 625 2498 observantiae
659 2413 859 2499 sincerum
890 2419 1210 2523 perpetuumque
1231 2438 1377 2496 monu-

201 2559 394 2639 mentum.

296 2697 461 2782 Interim
503 2695 756 2782 Eminentiae
799 2697 909 2785 Tuae
952 2725 1107 2782 sacram
1155 2723 1376 2806 purpuram

201 2833 423 2924 humillime
466 2839 698 2940 deosculor,
743 2843 784 2924 et
828 2837 965 2924 enixas
1009 2840 1060 2923 ad
1098 2839 1231 2924 Deum
1275 2863 1378 2947 pre-

203 3003 269 3060 ces
291 2977 465 3082 effundo,
495 2985 543 3062 nt
572 2979 628 3064 'lle
658 2981 709 3064 ad
741 2979 946 3066 Ecclesiae
972 2981 1121 3065 bonum
1149 2977 1375 3066 diutissime

202 3119 379 3230 sospitet.
