3444 5302
836 501 990 563 -ρὸ-

332 625 492 732 spectioa
519 625 627 704 etiam
656 627 732 707 iure
751 641 902 706 naturae
922 625 1055 706 dirimit
1074 625 1336 705 matrimonium
1356 636 1497 702 contra-

335 749 493 829 hendum
509 775 587 830 cum
602 775 645 829 ea
660 775 811 856 persona
824 764 989 857 respectu
1004 750 1106 830 cuius
1121 751 1233 830 altera
1248 763 1303 829 est
1322 749 1495 854 impotens

333 873 379 950 ad
407 899 527 952 ueram
555 899 597 952 ac
623 874 815 979 per-sectam
844 875 1044 954 habendam
1073 874 1255 980 copulam;
1287 873 1394 977 idque
1422 874 1496 950 sive

333 1024 378 1076 ac
407 1009 541 1077 notura
568 1000 767 1104 proveniat,
799 1001 874 1080 sive
902 1027 945 1078 am
973 1000 1145 1105 maleficio
1173 999 1247 1108 (1).
1269 1003 1380 1103 Urget
1403 999 1497 1078 enim
1545 1085 1547 1090 ,

333 1122 458 1202 eadem
486 1125 577 1204 ratio
597 1149 711 1230 nuper
730 1123 855 1203 allata:
877 1124 1141 1206 matrimonium
1159 1123 1336 1228 siquidem
1354 1123 1497 1229 respicit

334 1274 520 1354 personam
536 1249 807 1328 determinatam
822 1262 859 1328 et
873 1249 1112 1346 indiuiduam3
1130 1261 1165 1329 et
1185 1247 1264 1328 ideo
1283 1250 1313 1328 si
1332 1262 1497 1355 respectu

334 1371 431 1450 illius
459 1373 586 1478 copula
615 1372 931 1479 sit'impossibilis,
963 1373 1054 1453 nihil
1083 1375 1183 1453 iuvat
1209 1371 1304 1480 quod
1333 1386 1497 1478 respectu

332 1495 486 1574 alierum
514 1521 744 1601 personarum
773 1501 820 1576 sit
847 1497 1040 1604 possibilis.

415 1622 498 1698 Dari
527 1634 645 1699 autem
674 1622 917 1727 impotentiam
941 1634 1212 1730 perpetuitatem
1227 1621 1414 1728 maleficio,
1435 1647 1498 1702 ve-

335 1744 511 1822 rissimam
538 1749 752 1824 sententiam
772 1771 850 1824 esse
870 1749 1038 1825 Doctores
1058 1759 1180 1826 tenent
1200 1744 1274 1851 (Ξ).
1297 1745 1491 1850 Siquidem,

335 1882 427 1948 teste
455 1873 691 1976 experientia,
723 1868 823 1950 reddi
851 1884 970 1976 potest
998 1869 1048 1948 sie
1068 1870 1242 1976 impotens
1261 1896 1304 1948 er
1325 1869 1497 1950 maleficio

335 1997 480 2090 coniux,
513 2021 555 2072 ac
583 1995 613 2072 si
642 1993 793 2098 frigidus
821 2020 864 2072 eu
893 2007 1021 2074 natura
1049 1993 1152 2090 foret,
1184 2008 1220 2074 et
1248 1993 1315 2073 hoc
1333 1997 1407 2074 sive
1434 1993 1498 2074 de-

335 2117 509 2198 struendo
522 2117 717 2224 potentiam
728 2115 968 2220 generativam
979 2117 1077 2198 nulio
1091 2119 1326 2224 reparabilem
1341 2119 1496 2198 humano

335 2241 511 2338 subsidio,
543 2243 618 2321 sive
647 2242 695 2320 ita
724 2266 801 2320 eam
829 2241 1036 2344 ligandotet
1064 2241 1301 2348 impediendo,
1334 2258 1373 2324 ut
1401 2243 1498 2322 ordi-

334 2366 446 2445 nariis
474 2365 652 2445 Ecclesiae
680 2367 898 2461 exorcismis,
930 2365 1042 2445 alioue
1071 2365 1167 2446 licito
1199 2364 1301 2444 modo
1329 2367 1402 2445 tolli
1432 2393 1496 2447 ne-

161 2431 164 2448 ’
236 2485 244 2508 ·
335 2491 546 2596 queat)-

415 2623 452 2694 6.
488 2615 664 2694 Tertium:
687 2617 809 2720 Neque
829 2615 1037 2720 impotentia
1051 2614 1253 2693 antecedens
1275 2615 1493 2721 coeperatis,

335 2765 450 2846 neque
479 2740 686 2846 impotentia
702 2751 877 2845 perpetua
895 2739 969 2816 siue
989 2737 1152 2818 absoluta
1172 2735 1246 2817 sive
1266 2739 1412 2816 relativa
1433 2740 1494 2819 sed

335 2891 542 2972 consequens
570 2865 832 2944 matrimonium
854 2863 1025 2942 dirimunt
1054 2863 1127 2970 (t).
1150 2867 1270 2942 -Non
1293 2866 1494 2968 temporalis

335 2989 543 3094 impotentia
572 2987 805 3069 antecedens:
837 2989 968 3067 etenim
995 2987 1039 3066 ad
1068 3001 1208 3093 tempus
1232 2987 1420 3094 impotens,
1443 3002 1496 3068 est

334 3112 497 3190 absolute
524 3126 666 3220 potens,
698 3111 857 3217 adeoque
886 3123 1003 3218 potest
1023 3137 1060 3190 se
1085 3110 1246 3190 absolute
1274 3111 1431 3216 obligare
1451 3113 1496 3191 ad
1554 3213 1561 3222 ¹

335 3236 510 3341 copulam,
541 3235 854 3340 quemadmodum,
877 3249 917 3314 ut
937 3237 987 3316 ait
1008 3233 1179 3332 Sanchez,
1202 3237 1270 3314 etsi
1290 3237 1396 3341 isqui
1415 3263 1498 3344 per-

333 3371 442 3464 petuo
470 3372 525 3438 est
553 3358 723 3438 inhabilis
751 3357 799 3437 ad
824 3359 1046 3456 solvendum,
1077 3359 1247 3439 inhabilis
1275 3387 1417 3466 quoque
1441 3376 1500 3443 est

405 3609 440 3680 qi)
461 3607 586 3664 Saoehez
615 3606 665 3663 uu
687 3611 712 3662 7.
733 3605 809 3686 disp.
831 3613 881 3669 tor
902 3637 934 3646 -
954 3607 1072 3680 Pirhing
1095 3607 1145 3666 cit.
1167 3609 1214 3664 tit.
1235 3607 1268 3664 dc
1292 3607 1416 3680 frigidis
1440 3617 1492 3666 cte.

331 3713 363 3754 n.
386 3702 419 3754 to
438 3696 554 3768 altique.
570 3699 612 3752 Ex
625 3711 686 3768 cap.
707 3696 921 3768 frotcrnttutts
938 3696 988 3754 ctt.
1004 3695 1049 3754 tit.
1071 3696 1094 3752 si
1114 3711 1129 3754 a
1149 3705 1263 3766 natura,
1286 3727 1321 3738 —
1339 3713 1374 3756 ex
1388 3713 1449 3772 cop.
1466 3705 1494 3754 t.

333 3799 422 3842 causo
440 3789 484 3842 33.
505 3790 617 3857 quaest.
639 3789 663 3840 t.
685 3784 707 3839 si
727 3799 742 3840 a
763 3783 902 3842 maleficio
922 3792 1055 3856 perpetua
1075 3785 1238 3856 impotentia
1260 3788 1417 3858 proveniat.

405 3873 441 3948 (2)
462 3877 587 3945 Castrop.
608 3876 658 3946 qui
690 3875 755 3932 citat
780 3876 810 3930 t).
838 3875 984 3944 Thomam,
1011 3875 1145 3942 Sancum,
1175 3878 1260 3944 Gutt,
1283 3878 1365 3934 Porro.
1397 3886 1495 3935 contra

334 3964 473 4035 quosdam
494 3964 647 4020 sentientes
666 3965 842 4022 contrarium
863 3978 928 4020 cum
948 3963 1037 4022 Gtoss.
1057 3995 1092 4006 -
1111 3963 1182 4022 vide
1202 3965 1373 4022 Laurentum
1394 3965 1445 4023 uo.
1468 3973 1493 4022 t.

336 4053 382 4110 tit.
406 4058 449 4110 tt.
469 4058 582 4124 quaeat.
602 4059 664 4108 att.

403 4141 439 4214 (3)
460 4141 506 4199 Ctr
525 4141 696 4199 Laurentum
721 4143 772 4200 att.
791 4149 901 4214 quaeat.
923 4149 982 4212 att,
1006 4142 1056 4200 ubi
1075 4157 1113 4200 er
1131 4143 1311 4216 Castropatao
1330 4145 1445 4202 disserit
1459 4145 1494 4202 de

333 4232 422 4305 siguis
439 4240 594 4306 perpetuae
610 4233 656 4290 rei
678 4235 846 4306 temporatia
865 4234 1046 4306 impotentiae
1064 4249 1097 4290 aa
1116 4233 1265 4306 maleficio,
1288 4242 1315 4290 et
1333 4234 1369 4292 ad
1388 4234 1494 4308 digno-

332 4321 469 4380 scendum
491 4329 587 4379 utrum
606 4337 622 4378 a
640 4329 764 4390 notura,
787 4337 822 4380 ao
843 4337 911 4380 vero
930 4339 945 4380 a
964 4322 1108 4394 maleficio
1126 4323 1290 4394 impotentia
1310 4325 1429 4382 oriatur.
1492 4387 1499 4394 ,

403 4411 438 4482 (tt
458 4411 582 4470 senonen
597 4411 649 4467 uo.
669 4415 696 4468 7.
717 4411 792 4483 disp.
814 4417 858 4468 92.
876 4427 928 4468 cn.
948 4417 1014 4470 2-t‚·
1035 4441 1069 4452 -
1088 4411 1247 4470 Laurenius
1261 4410 1311 4468 tto.
1333 4417 1359 4468 t.
1381 4411 1427 4470 ttt.
1446 4417 1489 4470 ta.

332 4517 379 4574 qq.
400 4505 526 4557 mm.
1090 4513 1094 4522 ·
