3424 5300
820 493 857 508 ..
881 461 935 526 160
957 494 994 508 ...

391 587 536 664 Primo:
566 585 791 666 Adulterium
820 611 958 681 verum,
990 584 1150 680 formale,
1181 599 1476 679 consummatum,

313 725 351 789 ut
381 736 490 817 supra
519 711 719 817 expositum
749 723 803 790 est
832 709 906 817 (1).

395 834 551 914 Secundo
578 834 774 940 requiritur
802 834 1019 913 machinatio
1050 837 1174 914 mortis
1203 835 1247 912 ah
1277 859 1348 913 uuo
1376 829 1482 910 adul-

308 973 467 1038 terorum
497 959 556 1065 (1)
584 986 629 1038 ec
657 959 850 1039 iuteutioue
878 961 1101 1040 matrimonii
1131 959 1204 1066 (3).

396 1084 511 1163 Tertio
539 1085 737 1190 requiritur
764 1097 883 1164 secuta
911 1111 1005 1164 mors
1034 1112 1077 1165 ea
1096 1085 1358 1164 machinatione
1377 1085 1479 1162 unius

313 1207 575 1297 adulterorum,
605 1209 743 1289 actione
776 1209 851 1288 sive
879 1210 1027 1316 physica
1052 1211 1126 1289 sive
1146 1209 1270 1290 morali
1299 1207 1372 1314 (1).

394 1342 429 1412 5.
465 1331 696 1412 Concluditur
723 1333 881 1414 brevius.
913 1333 1210 1440 Impedimentum
1240 1333 1400 1412 criminis
1427 1333 1481 1406 iu-

314 1459 490 1536 curritur:
525 1468 560 1537 1⁰
589 1457 625 1536 Si
654 1457 747 1536 adsit
780 1457 998 1538 adulterium
1030 1484 1110 1536 aum
1142 1457 1375 1564 promissione
1407 1479 1481 1532 ma·

315 1580 471 1660 trimouii
501 1580 546 1660 ab
575 1581 687 1661 altero
716 1595 914 1688 acceptata,
937 1597 1000 1662 aut
1025 1609 1104 1662 cum
1123 1581 1347 1662 matrimonio
1366 1593 1483 1658 atten-

315 1719 408 1802 tata;
431 1705 530 1784 -rel
560 1705 595 1784 2⁸
624 1706 660 1786 Si
689 1705 782 1786 adsit
810 1705 1037 1786 homicidium
1066 1734 1110 1786 en
1138 1705 1314 1785 communi
1343 1705 1483 1810 conspi-

315 1830 453 1908 ratione
481 1841 517 1908 et
538 1855 617 1908 cum
637 1830 835 1910 intentione
852 1831 1085 1911 contrahendi
1105 1830 1322 1934 coniugium,
1345 1829 1389 1908 ab
1413 1853 1482 1906 uuo

316 1955 442 2034 saltem
462 1957 630 2062 complice
650 1955 793 2054 habita;
811 1957 906 2037 -vel
923 1964 958 2038 3⁰
976 1961 1011 2037 Si
1030 1970 1244 2038 concurrant
1262 1955 1478 2035 adulterium

317 2093 352 2157 et
380 2079 610 2160 homicidium
643 2079 778 2160 intuitu
809 2081 1039 2179 matrimonii,
1071 2095 1106 2161 ot
1139 2095 1224 2162 tuuc
1257 2107 1372 2186 neque
1401 2105 1484 2160 cou-

321 2205 469 2307 spiratio
499 2205 708 2310 requiritur,
739 2229 856 2311 neque
884 2207 1099 2286 matrimonii
1126 2205 1326 2312 promissio.

398 2336 436 2406 6.
467 2329 636 2418 Quamvis
656 2342 777 2409 autem
797 2329 864 2410 hoc
882 2329 1040 2410 criminis
1060 2329 1350 2436 impedimentum
1370 2329 1482 2408 locum

319 2453 412 2530 inter
448 2451 609 2532 infideles
637 2479 709 2532 uon
736 2451 883 2549 habeat,
924 2479 1004 2534 cum
1036 2455 1083 2532 sit
1120 2452 1349 2533 ecclesiastici
1378 2449 1479 2545 iuris,

319 2589 491 2672 attamen,
514 2575 631 2681 quoad
656 2578 817 2682 primam
852 2577 961 2656 huius
990 2575 1232 2683 impedimenti
1266 2601 1423 2673 causam,
1454 2579 1482 2653 si

316 2697 447 2803 fidelis,
476 2700 648 2806 promisso
676 2701 904 2781 matrimonio
932 2701 1112 2780 adulterat
1140 2727 1220 2781 cum
1253 2701 1406 2797 infideli;
1437 2699 1480 2794 si,

319 2823 437 2928 quoad
465 2823 672 2912 secuudum,
701 2824 817 2904 [idelis
837 2828 1015 2931 particeps
1030 2825 1304 2906 machinationis
1323 2853 1386 2905 seu
1406 2849 1486 2904 cae-

319 2947 374 3027 dis
389 2948 469 3044 fuit,
492 2950 522 3028 si
536 2949 654 3056 quoad
671 2949 832 3038 tertiam,
854 2949 1004 3053 ipsemet
1019 2949 1134 3030 fidelis
1153 2949 1295 3030 caedem
1311 2950 1481 3056 patravit,

322 3073 612 3179 impedimentum
642 3073 806 3168 incurrit,
838 3087 874 3152 et
908 3073 1059 3178 infidelis
1093 3075 1264 3154 indirecte
1292 3073 1414 3152 eodem
1445 3071 1487 3149 li-

324 3211 441 3297 gatur,
461 3197 514 3276 uti
529 3197 704 3300 contingit
718 3198 755 3275 in
770 3197 1022 3302 impedimento
1040 3197 1262 3304 disparitatis
1276 3197 1424 3300 cultus(
1453 3193 1481 3298 ).

404 3329 440 3398 7.
472 3309 537 3398 ud'
553 3322 609 3399 ius
637 3321 819 3400 Orientale
846 3321 941 3425 quod
961 3321 1091 3401 attinet
1110 3367 1133 3382 -
1155 3351 1173 3396 e
1196 3321 1351 3426 Spiritus
1369 3319 1485 3422 legum

323 3444 565 3541 orientalium,
602 3457 641 3524 ut
678 3444 931 3526 animadvertit
968 3445 1260 3552 Papp-Szil'agyi‚
1301 3447 1332 3522 is
1364 3457 1420 3522 est
1447 3457 1486 3520 ut

324 3573 524 3676 graviorum
553 3571 739 3650 criminum
767 3570 833 3666 rei,
864 3573 956 3650 sicut
983 3569 1225 3674 coniugiaidae
1253 3567 1483 3660 medullari,

323 3722 402 3774 cum
430 3695 661 3802 eomplicibus
698 3693 855 3772 miminis
894 3715 1076 3798 nunquam
1114 3691 1376 3772 matrimonium
1403 3715 1487 3769 can-

397 3943 430 4015 (1)
449 3944 479 4016 §-
504 3948 526 4000 1.
549 3942 663 4002 desolo
683 3942 836 4002 adulterio.

395 4035 433 4107 (2)
455 4039 494 4092 Ex
505 4049 567 4106 cap.
581 4049 667 4107 super
687 4035 738 4092 hoe
757 4039 783 4102 5,
798 4031 939 4107 decoqui
958 4028 1043 4090 ducit
1054 4033 1088 4091 tm
1100 4033 1235 4091 matrim.
1251 4031 1376 4091 Sanehez
1389 4031 1441 4090 lib.
1459 4037 1474 4085 1

325 4121 400 4194 disp.
420 4127 464 4180 78.
485 4139 516 4180 re.
538 4124 569 4183 25
588 4154 603 4164 -
617 4124 742 4196 Pirhing.
767 4123 819 4180 lih.
843 4129 866 4178 t.
888 4125 936 4181 tit.
956 4127 982 4178 7.
1002 4139 1033 4178 m.
1057 4125 1099 4180 19.

398 4211 431 4282 (3)
452 4215 528 4268 Patet
546 4226 582 4269 ex
601 4212 685 4269 dictis
704 4213 734 4282 §-
753 4219 780 4268 2.

398 4299 437 4373 (4)
457 4305 497 4358 Ex
517 4302 588 4370 iure,
608 4309 639 4358 ut
659 4302 757 4359 eodem
776 4299 806 4372 S.
826 4305 852 4357 2.
869 4301 976 4358 dictum
996 4307 1048 4356 est.

407 4389 432 4460 5)
451 4390 498 4447 Cir
519 4391 692 4447 Laurentum
714 4389 765 4446 lib.
787 4395 812 4444 1.
834 4389 881 4446 111.
903 4395 929 4445 7.
949 4395 1060 4460 quaest.
1084 4395 1163 4444 tott-
1177 4390 1254 4446 iuxta
1268 4391 1315 4446 eit.
1336 4403 1397 4462 aap.
1419 4389 1483 4446 lau·

328 4476 466 4547 dahilrm,
489 4479 523 4536 de
540 4493 667 4536 marera
687 4479 866 4550 infidelium.
