3446 5298
693 447 867 510 -115-

278 568 366 648 lude
395 573 589 650 constituta
618 597 799 652 sacrorum
827 577 1024 666 Canonum,
1048 569 1195 676 quibus,
1218 584 1259 650 ut
1286 573 1368 676 quis
1443 639 1449 652 .

196 695 309 804 possit
339 694 433 773 licite
449 689 499 772 'ad
519 695 588 774 alia
609 710 691 776 vota
711 697 879 792 transire,
902 695 1057 797 exigitur
1075 694 1171 800 quod
1190 693 1234 772 de
1254 710 1367 775 morte

195 818 359 920 coniugis
387 832 484 897 certo
512 833 665 916 constet,
697 835 739 900 ut
767 845 845 926 cap.
870 819 1040 898 Dominus
1060 817 1274 896 mactandis
1295 843 1367 896 oc-

193 943 297 1048 ptiis,
318 940 374 1020 161
402 940 498 1046 quod
518 941 561 1020 de
582 941 658 1047 ipsa
677 956 790 1022 morte
809 943 1002 1048 recipiatur
1021 953 1155 1020 certum
1174 943 1363 1028 acceium,

197 1065 251 1143 uti
280 1090 359 1170 cap.
391 1066 675 1172 inpraesentia,
704 1065 745 1145 de
780 1065 1001 1172 sponsalibus
1038 1077 1072 1144 et
1108 1065 1363 1144 matrimoniis.

196 1187 286 1268 lnde
314 1190 420 1268 etiam
450 1215 491 1268 ea
506 1216 598 1294 quae
612 1190 840 1295 explanatius
860 1190 1054 1269 traduntur
1069 1190 1107 1268 111
1125 1192 1365 1270 116116611616

199 1319 329 1392 ‹Ccm
357 1313 452 1392 alios
484 1347 503 1389 a
534 1324 579 1394 at
613 1318 757 1420 augusti
788 1325 887 1396 1670
918 1342 938 1393 6
966 1315 1362 1412 Clementellsancita,

195 1453 232 1518 et
260 1439 296 1518 in
325 1439 481 1518 Bullario
510 1465 654 1519 romano
688 1441 823 1520 inserta
860 1463 969 1544 super
1014 1440 1177 1519 examino
1213 1445 1360 1522 testium

195 1588 259 1667 pro
287 1561 522 1642 matrimoniis
550 1561 804 1642 contrahendis
833 1563 870 1640 in
897 1563 1002 1640 Curia
1031 1563 1109 1640 Emi
1137 1562 1267 1641 Vicarii
1297 1567 1366 1644 Ur-

195 1685 251 1764 bis
279 1699 316 1764 et
344 1698 541 1764 ceterorum
571 1685 853 1766 Ordinariorum.
876 1687 1026 1766 Maxime
1050 1711 1133 1766 voro
1160 1714 1252 1793 quae
1282 1715 1366 1795 pro-

196 1811 276 1914 pius
304 1809 350 1887 ad
378 1835 451 1888 rem
480 1809 647 1890 facientia
675 1811 724 1890 ibi
754 1811 933 1890 habentur
962 1837 1024 1890 ca.
1059 1822 1105 1890 tn
1136 1826 1170 1891 et
1202 1823 1264 1892 13.

276 1939 321 2014 Et
349 1935 438 2014 haee
474 1935 618 2040 quidem
647 1935 789 2014 abunde
827 1937 1032 2015 sufficerent
1060 1937 1089 2014 si
1119 1937 1155 2014 in
1188 1938 1361 2018 eiusmodi

194 2065 311 2140 causis
333 2060 564 2166 peragendis,
583 2061 781 2140 omnimoda
812 2077 848 2140 et
866 2063 1031 2141 absoluta
1050 2063 1230 2142 certitudo
1249 2064 1292 2143 de
1313 2065 1367 2144 al-

194 2186 307 2266 terius
325 2185 487 2288 coniugis
507 2185 607 2266 obitu
619 2185 742 2266 haberi
757 2211 895 2292 semper
910 2201 1044 2291 posset;
1067 2187 1130 2266 sed
1146 2213 1225 2266 curn
1240 2187 1276 2266 id
1292 2212 1363 2266 non

193 2309 314 2389 sinaut
341 2335 488 2388 casuum
515 2309 768 2415 propemodum
789 2309 950 2389 infinitae
971 2313 1065 2390 vices
1085 2313 1197 2416 (quod
1217 2313 1363 2418 sapien-

191 2443 247 2510 ter
265 2432 550 2512 auimadversum
571 2447 626 2512 est
645 2434 681 2512 in
701 2432 846 2512 laudata
866 2436 1107 2514 instructione
1128 2437 1184 2515 bis
1213 2437 1357 2516 vorbis:

193 2557 232 2633 Si
273 2567 392 2634 1611166
442 2555 644 2634 huiusmodi
682 2556 883 2636 testimonio
929 2557 1051 2638 baberi
1088 2585 1157 2638 coc
1191 2573 1354 2665 possunt,

193 2703 297 2756 sucro
327 2678 559 2782 Congrepotio
587 2704 656 2756 aon
683 2679 836 2758 intendit
855 2679 1039 2761 occludere
1058 2682 1151 2762 olias
1175 2684 1358 2789 probotio-

172 2829 268 2890 -ces,
297 2829 388 2908 qaue
416 2801 457 2880 de
484 2805 563 2881 iore
590 2803 768 2882 communi
794 2815 939 2907 possunt
975 2805 1137 2894 admitti,
1172 2808 1363 2888 dommodo

193 2925 370 3030 legitimae
398 2929 470 3003 siat
506 2938 539 3006 et
575 2925 798 3030 sufficientes)
833 2928 1010 3031 sequitur,
1051 2929 1146 3034 quod
1179 2931 1361 3012 stantibus

193 3049 277 3129 licet
303 3049 489 3155 principiis
518 3049 745 3152 generalibus
774 3052 1013 3155 praestitutis,
1045 3054 1142 3133 haud
1163 3082 1361 3136 rarocasus

193 3173 379 3267 eveniunt,
412 3173 608 3278 inquibus
637 3173 956 3252 ecclesiasticorum
984 3177 1191 3256 Praesidum
1229 3178 1360 3258 iudicia

192 3297 340 3376 haerere
368 3296 483 3376 solent
511 3296 659 3376 161616
687 3297 855 3402 iustaque
884 3296 1093 3402 probatione
1122 3300 1361 3404 dignoscenda

195 3446 236 3498 ac
264 3417 470 3513 statuenda,
502 3419 571 3496 imo
599 3445 663 3524 pro
691 3445 827 3498 summa
856 3419 916 3498 illa
954 3420 1140 3517 facilitate,
1171 3449 1262 3528 quae
1301 3451 1362 3503 ae-

192 3557 266 3624 tate
295 3557 418 3622 nostra
446 3542 539 3622 facta
559 3558 627 3636 est,
645 3544 899 3622 remotissimas
918 3567 1079 3648 quasque
1095 3548 1257 3650 regiones
1277 3551 1362 3629 ade-

191 3667 280 3746 undi
308 3669 345 3746 111
374 3692 495 3746 omnes
533 3666 605 3746 fere
639 3667 735 3746 orbis
772 3681 893 3771 partes
931 3667 1092 3748 homines
1129 3671 1357 3777 divagemur,

191 3789 368 3896 eiusmodi
395 3789 761 3904 casuumgmultitudo
790 3788 879 3868 adeo
907 3793 1098 3886 succrevit,
1122 3808 1163 3873 ut
1190 3795 1359 3902 frequen-

191 3914 319 3994 tissimi
358 3913 425 3992 hac
462 3914 506 3994 de
534 3941 572 3994 re
601 3915 646 3993 ad
683 3939 883 4018 supremam
923 3913 1015 3993 hanc
1048 3920 1361 4022 Congregationem

191 4036 394 4115 habeantur
422 4062 602 4131 1661116116,
633 4062 705 4115 non
734 4037 811 4114 sine
825 4060 930 4140 porro
945 4039 1101 4141 partium
1121 4042 1355 4139 incommodo,

190 4160 324 4266 quibus
351 4162 444 4240 111161
473 4161 740 4240 informationes
768 4173 877 4264 atque
896 4161 1164 4259 instructiones,
1187 4192 1277 4270 quas
1297 4192 1361 4272 pro

191 4312 231 4366 re
259 4301 357 4382 nata,
389 4300 430 4366 ut
458 4289 573 4383 aiunt,
604 4286 694 4392 peti,
726 4285 891 4388 mittique
911 4310 1056 4364 necesse
1076 4303 1145 4383 est,
1167 4292 1361 4395 plurimum

191 4413 320 4494 defluit
348 4413 530 4518 temporis,
561 4415 648 4519 quin
677 4411 816 4518 possint
834 4409 1018 4515 adoptata
1046 4427 1128 4494 vota
1155 4419 1358 4500 convolare.
