3424 5300
850 461 885 473 -
911 427 967 488 rao
989 459 1023 470 -

352 551 479 628 minari
518 547 647 628 nedum
675 572 719 625 ea
749 547 874 626 horum
908 543 1086 624 domicilio
1114 545 1150 622 in
1178 545 1317 624 illorum
1347 541 1516 642 dioecesi,

350 673 413 753 sad
441 674 548 752 etiam
577 699 620 752 ex
649 671 890 751 ecclesiastico
919 672 994 750 rito
1022 668 1066 747 ad
1094 694 1200 774 quem
1227 669 1361 773 singuli
1393 697 1519 751 accen-

352 811 491 877 sentur.
524 797 707 902 Duplioem
727 795 902 901 siquidem
923 794 1285 900 circumscriptionem
1305 798 1442 900 patitur
1461 819 1520 874 eo-

351 920 500 1000 rundem
530 920 785 1026 Episcoporum
815 918 1027 1013 iurisdictio,
1060 917 1215 996 locorum
1236 943 1361 1024 nempe
1386 933 1422 999 et
1439 947 1520 1025 per-

354 1071 523 1123 sonorum
552 1044 653 1122 iuxta
682 1043 865 1148 proprium
894 1042 1051 1121 fidelium
1080 1043 1202 1136 ritum,
1233 1041 1295 1146 qui
1329 1041 1522 1148 aliquando

353 1171 391 1246 in
407 1193 478 1246 una
494 1165 689 1270 eademque
704 1165 849 1244 civitate
866 1191 906 1244 ac
926 1163 1080 1244 dioecesi
1100 1177 1296 1242 morantur.
1317 1165 1522 1271 -Exemplo

356 1317 412 1371 res
444 1292 573 1372 clarior
609 1289 750 1369 evadet.
782 1294 825 1367 la
863 1289 1015 1368 dioecesi
1054 1289 1265 1368 damascena
1303 1289 1520 1369 domicilium

356 1417 493 1495 habent
520 1414 641 1494 fideles
669 1413 786 1509 latini,
809 1414 1019 1508 maronitae,
1038 1415 1111 1520 syri
1131 1429 1167 1493 et
1186 1415 1302 1516 graeci
1318 1414 1520 1495 melchitae.

356 1543 448 1619 Hinc
476 1539 652 1634 Damasci,
685 1551 826 1643 praeter
854 1539 1030 1616 licerium
1060 1539 1299 1642 Apostolicum
1319 1565 1383 1644 pro
1402 1539 1525 1618 latinis

356 1665 442 1744 alibi
472 1665 671 1767 degentem,
704 1677 777 1774 tres
805 1661 936 1740 adsunt
969 1661 1159 1741 orientales
1187 1665 1366 1769 Episcopi,
1390 1664 1522 1743 scilicet

356 1789 553 1893 Episcopus
577 1787 811 1866 damascenus
839 1787 1108 1881 Maronitarum,
1141 1787 1439 1894 archiepiscopus
1458 1787 1522 1866 da-

357 1940 544 1993 mascenus
585 1919 778 2020 Syrorum,
822 1913 1019 2018 Episcopus
1061 1912 1295 1992 damascenus
1337 1913 1522 1992 llelchita-

358 2063 437 2116 rum
465 2036 539 2144 (l),
570 2039 633 2142 qui
662 2063 745 2116 suos
775 2037 934 2142 proprios
963 2035 1126 2116 subditos
1155 2036 1289 2116 habent
1314 2038 1522 2131 maronitae,

359 2187 473 2267 syros,
505 2159 704 2272 melclritas.
729 2205 751 2218 -
773 2160 865 2238 Hinc
892 2159 922 2238 si
951 2163 1059 2239 causa
1087 2162 1356 2240 matrimonialis
1385 2166 1522 2242 oriatur

359 2287 453 2364 inter
480 2284 570 2363 duos
598 2311 631 2363 e.
665 2311 717 2387 gr.
750 2285 878 2391 syriaci
907 2287 998 2364 ritus
1030 2285 1211 2389 coniuges,
1252 2313 1359 2365 causa
1388 2285 1523 2390 agenda

360 2411 429 2487 erit
456 2408 550 2512 apud
577 2409 789 2513 Episcopum
819 2407 1068 2488 damascenum
1097 2413 1278 2516 Syrorum,
1309 2413 1372 2516 qui
1401 2412 1438 2488 in
1465 2435 1528 2488 eos

360 2533 527 2635 coniuges
557 2532 834 2611 iurisdictionem
864 2531 972 2612 habet
999 2533 1137 2612 ratione
1165 2533 1332 2612 domicilii
1353 2561 1394 2614 ac
1417 2537 1522 2614 ritus.

361 2659 396 2736 Si
421 2670 544 2736 autem
574 2657 627 2733 rir
655 2681 687 2736 e.
720 2681 773 2758 gr.
805 2659 984 2762 pertineat
1012 2657 1055 2734 ad
1095 2659 1201 2736 ritum
1231 2683 1295 2737 sou
1333 2657 1525 2736 Ecclesiam

361 2783 550 2888 syriacam,
582 2781 709 2858 mulier
736 2795 855 2860 autem
883 2780 928 2858 ad
958 2779 1064 2859 ritum
1094 2805 1157 2860 seu
1190 2783 1383 2861 Ecclesiam
1412 2787 1530 2860 Maro-

360 2889 531 2998 nitarum,
564 2904 600 2981 in
629 2902 767 3006 agenda
805 2903 1055 2984 matrimoniali
1084 2931 1192 2984 causa
1226 2905 1419 2984 videndum
1446 2907 1534 3010 qui·

361 3054 442 3106 nam
471 3053 513 3105 ex
543 3027 595 3105 eis
623 3026 670 3104 sit
700 3051 795 3105 rous.
828 3032 913 3106 Cum
941 3027 1035 3106 enim
1064 3043 1161 3106 actor
1189 3030 1291 3133 sequi
1319 3027 1449 3108 debeat
1477 3027 1533 3107 lo·

364 3177 441 3230 rum
470 3151 536 3246 rei,
567 3151 596 3228 si
626 3151 680 3228 cir
708 3175 850 3228 eausam
879 3163 964 3253 agat
991 3165 1115 3230 contra
1135 3177 1280 3232 uxorem
1300 3154 1528 3247 maronitam,

363 3299 471 3352 causa
499 3271 644 3351 leronda
673 3274 740 3351 erit
768 3271 813 3350 ad
842 3274 955 3352 lorum
992 3275 1157 3379 Episcopi
1191 3277 1465 3373 llaronitarum;
1496 3277 1528 3354 si
1618 3261 1622 3270 ¹

306 3407 311 3417 '
364 3423 446 3479 vero
474 3423 564 3476 uxor
590 3399 627 3475 iu
656 3397 825 3501 iudicium
842 3423 965 3477 vocare
985 3399 1070 3475 velit
1091 3399 1204 3476 virum
1224 3403 1418 3504 syriacum,
1441 3397 1531 3478 ade·

364 3523 484 3630 undus
512 3523 581 3601 erit
608 3520 841 3601 damascenus
869 3527 1035 3630 Syrorum
1069 3523 1280 3629 Episcopus,
1308 3525 1444 3602 Coniux
1464 3519 1531 3600 au-

367 3661 438 3726 tem
466 3647 557 3725 ritus
595 3647 778 3725 orientalis
811 3673 920 3748 agens
957 3661 1080 3725 contra
1118 3647 1269 3726 alterum
1306 3647 1409 3726 latini
1438 3647 1530 3726 ritus

365 3774 566 3877 coniugem,
598 3770 692 3876 apud
722 3773 935 3876 Episcopum
964 3769 1127 3865 latinum,
1150 3773 1207 3849 cui
1227 3770 1415 3849 subiicitur
1430 3795 1527 3865 reus,

366 3901 475 3979 citare
505 3897 626 3977 debet.
650 3901 769 3974 -Hac
806 3897 941 3974 ratione
977 3893 1021 3972 de
1058 3895 1186 3973 ceteris
1220 3894 1449 3973 iudicandum
1477 3905 1532 3972 est

364 4023 494 4105 ritihus
522 4047 601 4100 cum
630 4021 673 4099 de
702 4019 767 4098 lori
795 4019 1030 4125 competentia
1059 4018 1154 4124 apud
1189 4019 1380 4098 orientales
1408 4017 1535 4096 Eccle-

403 4257 407 4264 '
435 4255 473 4324 (l)
496 4255 573 4308 Hane
592 4253 746 4309 dioecesim
766 4263 933 4322 graecorum
955 4249 1150 4305 tlololattarum
1175 4255 1250 4306 tenet
1264 4248 1425 4305 raritatem
1441 4246 1533 4301 entio-

366 4341 476 4396 clrrnus
496 4341 703 4398 Melinum-om.
716 4371 733 4380 -
744 4343 871 4400 Orratuor
882 4347 977 4394 autem
992 4336 1075 4392 hodie
1087 4347 1155 4414 suut
1166 4339 1345 4394 Putriarelrae
1358 4335 1535 4402 antiocheni,

367 4428 477 4485 seilicet
495 4431 711 4496 Maronitarum,
734 4428 941 4492 ttelclrtrarum,
963 4427 1113 4495 Syrorum,
1135 4427 1314 4482 Latinorum.
1346 4475 1351 4502 ,
