3446 5298
695 447 730 458 ...
754 413 810 476 407
834 447 869 458 ..-

196 536 373 643 quaedam
403 538 582 642 generalis
601 537 870 644 praefigeretur,
894 538 996 616 cuius
1015 562 1080 639 ope
1100 535 1267 641 Episcopi
1282 535 1366 614 uni·
1488 574 1491 588 ·

198 662 299 742 lormi
329 687 556 768 congruoque
577 688 684 741 sensu
704 663 747 742 de
768 660 1151 740 secundi'matrimonii
1172 661 1290 738 valore
1311 660 1367 737 iu-

198 785 328 866 dicium
358 787 462 882 16166,
495 801 531 866 61
558 787 704 892 parochi
739 785 1015 890 confessariique
1044 812 1183 865 omnem
1210 786 1278 864 hac
1305 811 1367 864 su-

198 935 261 1015 per
288 937 326 990 rc
354 912 653 990 conscientiarum
692 911 996 1016 perturbationem
1030 937 1206 1004 amovere,
1239 923 1275 988 et
1293 908 1367 1014 pri·-

198 1037 318 1114 vatam
346 1035 598 1140 publicamque
626 1035 784 1141 quietem
812 1034 905 1114 tueri
933 1036 1071 1141 possint
1109 1059 1150 1111 ac
1187 1031 1345 1111 valeant.

277 1163 324 1238 Ut
339 1185 422 1264 ergo
437 1185 545 1264 snper
559 1159 753 1264 praedictis
767 1185 810 1239 66
828 1173 948 1238 nostro
963 1158 1176 1270 apostolicae
1196 1157 1369 1236 sollicitu-

199 1281 294 1360 dinis
322 1283 519 1362 ministerio
547 1283 613 1363 tibi
642 1297 840 1391 opportune
879 1296 914 1362 et
942 1283 1118 1362 cumulate
1152 1265 1369 1386 respondea-

199 1431 293 1503 muS,
315 1407 386 1486 duc
402 1407 461 1485 hic
477 1406 741 1512 praemittenda
757 1431 834 1486 esse
849 1406 1026 1500 (16616666,
1040 1431 1132 1510 quae
1153 1429 1239 1483 sane
1258 1402 1370 1481 totius

198 1529 249 1606 rei
277 1543 362 1608 sunt
391 1531 502 1610 veluti
530 1533 645 1636 prima
674 1529 806 1634 capita,
837 1554 1015 1634 quaeque,
1058 1528 1119 1606 ubi
1157 1525 1368 1632 praesertim

199 1653 318 1754 agitur
345 1652 389 1731 (16
418 1654 654 1734 matrimoniis
682 1666 758 1732 tum
786 1653 1040 1732 catholicorum
1060 1677 1139 1730 cum
1159 1651 1365 1745 haereticis,

199 1789 275 1854 tum
304 1775 563 1857 haereticorum
594 1779 687 1856 inter
716 1803 753 1856 se
773 1778 829 1856 vel
849 1777 1015 1856 ineundis
1034 1775 1090 1854 rel
1110 1773 1365 1868 dissolvendis

199 1923 338 2004 semper
366 1926 451 2006 prae
479 1902 591 1980 oculis
621 1901 745 1980 haberi
764 1900 910 1980 debent.
935 1907 1049 2004 Atque
1070 1899 1197 1976 horum
1216 1898 1368 2002 primum

199 2037 268 2117 cst,
308 2025 564 2104 catholicorum
602 2053 681 2105 cum
719 2025 909 2104 haereticis
945 2022 1139 2119 connubia,
1164 2021 1368 2100 ,Ecclesiam

198 2146 406 2226 catholicam
438 2162 620 2254 tamquam
658 2149 797 2242 illicita,
828 2150 1027 2253 perniciosa
1063 2160 1099 2226 61
1138 2145 1366 2224 detestabilia

198 2283 371 2376 perpetuo
400 2273 629 2352 interdixisse
657 2289 693 2354 61
712 2273 936 2379 reprobasse,
959 2271 1055 2376 quod
1075 2271 1273 2348 innumeris
1287 2295 1371 2374 pos-

198 2419 318 2474 semus
343 2397 591 2476 ¹Conciliornm
633 2424 921 2502 summorumque
962 2395 1173 2474 Pontificum
1216 2393 1368 2472 decretis

199 2515 458 2618 demonstrare,
496 2523 564 2602 nisi
602 2523 744 2604 abunde
773 2523 977 2602 sufficerent
1009 2546 1065 2615 ea,
1102 2545 1195 2624 quae
1225 2520 1292 2598 hac
1319 2519 1363 2596 de

198 2668 236 2720 re
265 2642 473 2724 immortalis
511 2671 615 2728 mern.
647 2645 811 2726 Pontifex
847 2645 1062 2724 Benedictus
1095 2649 1173 2723 XIV
1212 2643 1363 2748 praede-

198 2791 316 2846 cessor
344 2784 464 2848 noster
492 2771 636 2876 scripsit
665 2784 742 2848 tum
770 2771 807 2847 in
835 2769 1023 2874 encyclicis
1048 2748 1191 2846 'litteris
1225 2765 1270 2844 ad
1299 2771 1368 2844 Po-

197 2889 312 2970 loniae
342 2895 441 2995 regni
472 2896 676 2990 Primatcm,
699 2895 990 2999 Archicpiscopos
1019 2893 1298 2997 etllpiscopcs(
1327 2889 1358 2994 ),

198 3026 273 3092 tum
300 3015 338 3092 in
366 3017 547 3120 praeclaro
575 3045 639 3097 suo
668 3017 844 3124 operede
875 3016 1015 3124 Synodo
1052 3013 1302 3119 dioecesana(
1333 3014 1363 3117 ).

198 3140 243 3216 Et
271 3137 354 3219 licet
390 3143 426 3220 in
465 3142 680 3246 quibusdam
717 3143 922 3246 regionibus
947 3155 1100 3247 ¹propter
1135 3140 1293 3218 locorum
1328 3153 1365 3218 et

199 3275 398 3369 temporum
425 3265 672 3348 difficultatem
701 3294 742 3346 66
770 3267 949 3348 connubia
978 3267 1134 3346 tollerari
1163 3267 1363 3368 contingat,

198 3385 234 3463 id
262 3387 406 3490 quidem
426 3387 470 3466 ad
491 3415 570 3469 eam
599 3389 824 3470 referendum
843 3405 899 3470 est
917 3391 1250 3494 aequanimitatem,
1273 3415 1366 3493 quac

201 3512 300 3590 nulla
329 3513 467 3592 ratione
490 3513 758 3618 adprobationis
778 3515 834 3593 rel
854 3539 1048 3593 consensus
1068 3514 1269 3618 cuiuspiam
1290 3514 1366 3593 1666

198 3633 364 3714 habenda
393 3636 454 3730 sit,
487 3638 550 3718 sed
578 3662 695 3716 mcrae
723 3637 934 3742 patientiae,
957 3637 1129 3742 quemad
1158 3637 1291 3714 maiora
1311 3637 1367 3714 vi-

198 3755 309 3834 tanda
337 3759 429 3836 mala
458 3759 562 3839 allert
591 3763 800 3856 necessitas,
819 3785 891 3841 non
919 3761 1100 3856 voluntas,
1137 3759 1368 3866 quemadmo-

197 3881 281 3960 dum
310 3883 407 3962 haud
437 3885 487 3962 ita
516 3885 652 3989 pridem
681 3883 741 3962 lel.
774 3910 846 3963 rec.
879 3884 1041 3963 Pontileu
1070 3885 1156 3962 Pius
1183 3887 1231 3962 Vl
1260 3883 1368 3988 Epis-

197 4008 295 4112 copis
315 4009 614 4104 Wratislavicnsi,
633 3991 870 4087 Rosnaviensi
890 4021 925 4086 ct
944 4008 1160 4112 Scepusiano
1176 4007 1368 4111 rescripse-

197 4147 267 4212 rat.
299 4135 458 4214 hlterum
487 4160 571 4214 vero
608 4147 676 4228 661,
707 4133 886 4212 sententia
925 4133 1094 4212 laicorum
1133 4131 1366 4212 tribunalium

269 4310 305 4387 (ll
328 4315 456 4370 166611.
478 4312 584 4368 Bullar.
606 4313 760 4368 corsehel.

268 4401 305 4474 (9)
325 4402 385 4458 tlh.
404 4405 446 4470 Vl,
463 4403 533 4473 Cep.
550 4407 576 4457 5.
589 4399 619 4472 S.
634 4405 660 4454 5.
682 4407 710 4458 61
730 4400 845 4459 111611.
861 4395 930 4472 Ca‘p.
946 4403 973 4456 3.
