3456 5300
701 405 852 470 -41..

198 539 340 608 tautum
368 527 614 616 ecclesiastica,
644 543 684 608 ut
711 555 755 608 ex
783 531 885 636 praxi
914 530 1107 626 Ecclesiae,
1138 557 1230 635 quae
1259 532 1304 610 alr
1320 533 1363 610 iis

200 651 398 759 dispensat.
417 697 441 712 -
461 656 514 732 Ex
544 679 615 758 quo
643 656 819 760 sequitur,
843 669 883 734 ut
901 681 1012 761 quum
1027 669 1187 760 spectato
1206 657 1283 736 iure
1298 683 1364 740 na·

201 793 301 858 turae
330 779 449 858 valida
487 776 653 858 habenda
685 779 758 858 sint
790 779 1013 858 matrimonia
1050 791 1233 858 contracta
1269 781 1362 860 inter

199 901 361 984 infideles
389 903 452 1008 qui
486 901 583 983 hisce
620 901 941 1004 consanguinitatis
978 901 1148 1004 gradibus
1181 903 1361 982 coniuncti

199 1025 285 1120 sint,
317 1051 469 1132 cumque
498 1051 568 1105 non
596 1025 768 1131 baptizati
796 1026 974 1106 Ecclesiae
993 1025 1132 1130 legibus
1160 1051 1231 1106 non
1261 1040 1362 1108 tene·

199 1165 321 1246 antur,
353 1151 383 1230 si
411 1148 583 1230 eiusmodi
612 1148 773 1230 infideles
800 1148 845 1228 ad
874 1148 978 1230 fidem
1005 1161 1273 1246 convertantur,
1296 1175 1361 1230 nec

197 1272 387 1378 separandi
416 1287 515 1368 sunt,
547 1297 612 1352 nec
639 1271 907 1378 dispensatione
936 1271 1112 1376 indigent,
1144 1272 1251 1362 utin
1278 1297 1362 1352 con-

197 1405 310 1472 tracta
337 1407 506 1474 maneant
538 1393 701 1494 coniugio
733 1393 808 1496 (t).
840 1397 957 1500 Atque
991 1394 1040 1474 ita
1075 1392 1118 1472 de
1156 1391 1235 1470 aliis
1273 1395 1361 1488 iuris

197 1541 292 1596 mere
320 1517 548 1598 ecclesiastici
576 1515 837 1622 impedimentis
864 1517 1054 1598 dicendum
1083 1531 1151 1598 est.

279 1651 342 1721 ts.
375 1643 474 1732 ouod
508 1655 628 1722 autem
669 1643 799 1722 attinet
827 1643 872 1722 ad
901 1643 971 1722 vim
1000 1669 1041 1721 ac
1077 1644 1250 1722 rationem
1278 1667 1362 1746 pro-

197 1768 308 1848 bandi
336 1768 657 1871 consanguinitatis
684 1768 816 1872 gradus
829 1793 893 1875 per
911 1769 1135 1875 parochiales
1153 1768 1291 1849 codices
1306 1780 1362 1848 at·

198 1917 268 1996 que
284 1906 395 1974 testes
409 1892 447 1970 iu
460 1893 577 1972 causis
596 1893 930 1990 matrimonialibus,
952 1908 1150 2000 exponetur
1170 1892 1296 1999 inlra(
1326 1894 1355 1996 ).

338 2085 375 2190 d)
404 2063 455 2165 De
481 2087 681 2192 spiritualis
710 2089 926 2192 captationis
954 2089 1213 2194 impedimento.

283 2289 344 2360 13.
381 2283 549 2384 Cognatio
582 2282 784 2388 spiritualis
817 2298 872 2363 est
902 2283 1077 2389 quaedam
1115 2284 1361 2389 propinquitas

199 2429 444 2509 personarum,
474 2431 566 2512 quae
593 2406 830 2486 ecclesiastico
862 2419 998 2486 statuto
1029 2407 1142 2485 oritur
1169 2433 1213 2485 er
1242 2405 1356 2486 admi-

198 2527 411 2608 nistratione
425 2542 461 2608 et
476 2532 701 2635 susceptione
717 2544 1016 2610 sacramentorum
1035 2530 1201 2636 baptismi
1221 2543 1257 2609 et
1276 2551 1361 2608 con-

200 2651 412 2732 firmationis
441 2655 457 2758 l
485 2653 514 2758 ).

284 2787 344 2856 rt.
377 2779 483 2858 llisso
511 2793 631 2859 eutem
659 2781 806 2884 antiqua
833 2780 1064 2860 decretalium
1084 2780 1161 2858 iure
1180 2775 1255 2884 (l),
1286 2801 1358 2882 quo

198 2901 328 3006 triplex
356 2913 433 2980 erat
461 2903 624 3005 coguatio
653 2903 849 3008 spiritualis
876 2903 1139 2982 matrimonium
1171 2900 1355 2995 dirimens,

198 3049 323 3129 nempe
348 3025 566 3129 paternitas,
595 3026 888 3130 compaternitas,
916 3023 1131 3132 fraternitas
1152 3023 1253 3104 etad
1280 3023 1363 3128 plu-

200 3173 259 3226 res
286 3173 393 3252 quam
427 3147 532 3228 hodic
564 3169 738 3254 personas
766 3149 1028 3230 extendebatur
1061 3147 1134 3254 (5),
1165 3149 1242 3226 iure
1269 3171 1361 3226 novo

200 3271 402 3351 Tridentini
422 3272 495 3377 (6),
527 3273 668 3352 sublata
696 3275 905 3377 cognatione
924 3271 1173 3365 fraternitatis,
1203 3271 1363 3376 paterni-

199 3408 261 3472 tas
288 3409 428 3475 tantum
447 3409 483 3496 et
511 3398 784 3502 compaternitas
804 3409 1002 3492 remanent,
1025 3419 1217 3498 earumque
1235 3407 1362 3472 neutra

200 3517 248 3596 ad
278 3540 405 3597 uxores
432 3518 710 3611 transfunditur;
732 3520 882 3625 ideoque
900 3517 1092 3598 statuenda
1120 3518 1207 3596 haec
1234 3529 1337 3594 sunt:

284 3651 345 3720 15.
378 3641 567 3720 Primum:
597 3643 765 3745 cognatio
793 3639 996 3747 spiritualis
1025 3640 1159 3720 dirimit
1180 3639 1360 3718 matrimo-

232 3797 235 3802 '
269 3797 305 3867 (ll
325 3799 366 3854 Ex
379 3797 511 3855 decretali
531 3799 684 3856 innocentii
705 3799 754 3866 111,
775 3813 836 3871 eap.
857 3800 1016 3870 pandemus
1033 3805 1060 3855 8.
1081 3799 1116 3855 dc
1133 3797 1279 3855 divortiis.

271 3887 304 3958 (a)
319 3887 525 3958 Disceptatione
540 3887 678 3944 secundo:
702 3892 737 3944 aa
753 3887 941 3944 arata-totondi
952 3888 1093 3945 auttttate
1108 3904 1141 3943 cr
1153 3886 1359 3958 torpeat-meato

195 3975 570 4047 monocentaurum
588 3977 797 4034 contrahentes.
994 4028 997 4033 .

270 4061 307 4138 (3)
326 4065 428 4121 Sanco.
450 4063 502 4120 lto.
523 4070 550 4119 7.
569 4065 644 4136 disp.
665 4071 709 4121 tt.
730 4083 759 4121 a.
783 4071 807 4121 t.
829 4097 860 4105 -
878 4067 994 4136 Pirlring
1015 4065 1066 4122 lib.
1088 4070 1114 4120 4.
1134 4066 1180 4122 tit.
1204 4070 1246 4120 tt.
1266 4080 1296 4120 a.
1331 4068 1358 4120 t.

269 4151 311 4228 (4)
329 4157 395 4226 Cap.
417 4159 442 4209 l.
463 4154 497 4209 de
514 4163 630 4224 repant.
648 4155 749 4225 spt'ru't.
770 4154 804 4211 iu
822 4161 851 4211 6.
1087 4217 1091 4226 ,

269 4244 386 4317 (attide
397 4243 514 4314 t’irlriog
532 4243 585 4300 lta.
598 4249 623 4297 t.
639 4245 687 4300 tta.
707 4246 749 4299 tr.
761 4260 791 4299 u.
806 4250 850 4310 3.;
867 4273 901 4284 -
913 4243 958 4300 vel
973 4243 1097 4298 Saochez
1112 4241 1163 4299 ta'b.
1178 4247 1204 4298 7.
1220 4242 1294 4314 disp.
1312 4247 1356 4298 st.

191 4350 227 4389 rr.
249 4339 283 4387 9:
303 4333 380 4388 citati
404 4347 419 4386 a
440 4331 577 4387 Laurento
598 4329 649 4386 tto.
672 4336 696 4384 t.
717 4331 764 4387 tr't.
787 4337 830 4386 tt.
850 4336 962 4402 quaest.
982 4335 1043 4387 203,
1063 4346 1095 4386 rt.
1118 4336 1144 4386 t.

272 4417 308 4493 (6)
327 4421 398 4476 Sese.
419 4425 462 4473 24.
484 4433 505 4474 a.
527 4423 553 4474 2.
574 4419 608 4474 da
625 4419 745 4490 reform.
766 4421 903 4476 matrim.
