3406 5302
891 443 1068 504 -272-

392 571 446 648 vel
476 597 518 649 ex
548 571 641 650 faeto
669 571 952 650 luculentissimo
975 583 1116 650 oonstat
1134 569 1337 650 celebrandi
1353 569 1487 674 ubique
1506 571 1556 650 lu-
1687 639 1688 668 ,

391 719 510 772 eorum
539 695 702 798 ooniugia
732 695 831 773 iuxta
860 695 1007 774 formam
1027 723 1047 772 a
1067 694 1273 772 Tridentino
1302 694 1555 798 praescriptam
1687 775 1688 790 ,

391 817 471 924 (Cir
498 823 651 898 Perrone
681 821 705 898 Ι.
737 846 769 899 u.
802 832 876 898 ort.
910 829 946 898 4.
975 847 1015 925 p.
1048 819 1161 920 256).
1184 824 1260 908 Quo
1287 819 1362 896 solo
1391 817 1498 912 iaetu,
1521 818 1555 895 ni

388 943 458 1021 alia
487 944 698 1023 documenta
727 955 973 1050 suppeterent,
1007 942 1267 1048 praesumendo
1296 945 1439 1022 ornnino
1468 943 1556 1022 soret

388 1066 547 1146 eiusdem
575 1067 705 1146 decreti
734 1067 945 1172 publicatio,
977 1082 1018 1146 ut
1046 1066 1167 1144 doeuit
1195 1071 1240 1144 H.
1273 1071 1309 1144 S.
1342 1071 1385 1144 Ο.
1418 1065 1475 1144 die
1505 1075 1552 1144 26

389 1193 552 1297 septemb.
602 1201 701 1272 160⁶.)
741 1193 797 1270 his
831 1193 968 1272 verbis:
1002 1191 1324 1270 «rubricationem
1357 1193 1550 1296 praesumi,

391 1345 409 1388 a
433 1315 494 1394 ubi
523 1315 559 1393 id
578 1316 759 1395 decretum
780 1317 888 1396 [uerit
902 1317 1021 1420 aliquo
1041 1329 1198 1420 ternpore
1218 1317 1256 1393 in
1274 1315 1443 1420 paroehia
1463 1329 1554 1393 tanr-

390 1463 538 1542 ‹quam
567 1438 749 1518 deoretnm
778 1441 923 1518 Consilii
951 1440 1178 1518 observatum
1203 1469 1245 1516 s.
1278 1437 1382 1543 Apud
1401 1439 1554 1519 Benedi-

386 1577 481 1643 otunr
511 1567 588 1642 XIV
617 1565 686 1670 (De
715 1565 869 1668 Synodo,
899 1563 961 1642 bib.
996 1574 1058 1642 12.
1091 1589 1121 1641 c.
1156 1573 1192 1642 5.
1226 1587 1262 1640 o.
1297 1567 1351 1667 6).

465 1693 551 1765 Cum
580 1687 689 1790 igitur
717 1701 790 1768 toto
820 1689 908 1792 legis
936 1691 1055 1792 rigore
1085 1689 1122 1765 in
1150 1689 1302 1790 singuiis
1335 1690 1462 1768 Italiae
1490 1716 1553 1796 pa-

385 1811 517 1889 roohiis
536 1811 654 1914 uigeat
675 1813 873 1893 Tridentini
895 1815 1090 1907 decretum,
1113 1837 1217 1891 nemo
1236 1816 1368 1917 poterit
1388 1813 1551 1893 dubitare

383 1936 473 2038 quin
486 1936 750 2014 matrimonium
765 1939 914 2014 mistum
929 1937 1146 2028 celebratum
1159 1938 1194 2012 in
1205 1936 1373 2040 paroehia
1384 1962 1415 2013 s.
1439 1941 1550 2014 Fran·

384 2059 481 2155 oisei,
514 2085 630 2138 eorarn
660 2086 730 2138 non
758 2061 901 2165 proprio
927 2061 991 2139 sed
1021 2061 1136 2138 alieno
1155 2061 1323 2165 parouho,
1346 2060 1473 2139 aTitio
1493 2060 1548 2138 lu-

384 2181 534 2262 therano
563 2210 641 2262 ourn
670 2183 752 2262 Caio
780 2184 969 2278 oatholioa,
993 2183 1129 2261 nullum
1150 2207 1190 2260 ae
1210 2183 1350 2260 irritum
1378 2182 1487 2263 fuerit
1506 2209 1548 2262 er

384 2307 524 2386 deteou
552 2307 808 2386 iurisdictionis
836 2309 873 2384 in
901 2307 1055 2411 parouho
1080 2309 1284 2400 assistente,
1317 2331 1381 2384 seu
1409 2333 1453 2385 ex
1483 2309 1547 2386 inr-

383 2432 585 2537 pedimento
614 2431 914 2510 clandestinitatis
942 2431 1145 2510 dirimente.

464 2565 527 2635 43.
559 2560 654 2634 Haeo
683 2569 802 2634 autern
830 2555 1009 2633 oonolusio
1030 2554 1226 2632 innumeris
1246 2553 1446 2632 confirmari
1465 2579 1547 2660 pos-

380 2693 435 2758 set
463 2705 642 2757 sacrarum
672 2680 991 2780 Congregationnrn
1019 2704 1060 2755 ao
1088 2701 1305 2755 summorum
1333 2677 1543 2756 Pontificum

380 2805 455 2882 sive
484 2803 776 2897 resolutionibus,
808 2803 883 2880 siue
912 2801 1204 2907 responsionibus
1232 2801 1306 2879 sive
1336 2802 1542 2880 instructio-

380 2927 505 3023 nibus;
537 2927 598 3006 sed
627 2953 672 3006 ne
701 2927 837 3029 longior
864 2927 929 3005 sirn
958 2951 1066 3030 quam
1094 2951 1159 3030 par
1178 2939 1246 3020 est,
1269 2951 1378 3004 unanr
1406 2941 1470 3006 aut
1493 2928 1543 3006 al·

379 3063 491 3129 teram
528 3077 571 3130 er
609 3052 671 3146 iis,
707 3077 800 3156 quae
837 3065 917 3156 post
955 3050 1221 3129 Benediutinam
1259 3051 1539 3130 Declaratiunem

378 3175 600 3278 prodierunt,
633 3189 779 3277 tangere
808 3175 925 3268 liceat,
948 3197 1112 3278 quaeque
1135 3173 1358 3252 matrimonia
1388 3175 1542 3254 haereti-

378 3323 497 3377 eorum
526 3301 619 3377 inter
638 3323 676 3376 se
696 3324 738 3376 ae
765 3297 874 3375 mixta
903 3297 1100 3402 respiciunt
1118 3298 1156 3374 in
1176 3297 1275 3392 loeis,
1298 3298 1430 3402 quibus
1446 3299 1540 3402 viget

378 3422 576 3499 Tridentini
604 3422 799 3500 decretum.

456 3550 545 3624 Data
574 3547 632 3623 uir
661 3545 778 3625 fuerat
814 3545 1045 3624 Benediutina
1083 3546 1281 3624 Declaratio
1315 3571 1375 3622 an.
1420 3553 1534 3641 1741,

375 3693 454 3747 oum
482 3695 541 3746 an.
574 3671 739 3773 sequenti
770 3678 869 3748 1742
900 3673 935 3748 S.
958 3674 1005 3746 Η.
1030 3675 1067 3746 C.
1100 3671 1318 3773 interrogata
1348 3695 1457 3774 super
1477 3697 1551 3750 va-.

374 3794 447 3873 lore
475 3794 688 3872 matrimonii
716 3793 812 3898 quod
841 3795 968 3872 initum
989 3791 1106 3874 iuerat
1125 3795 1263 3889 Uimae,
1286 3795 1458 3872 dioeoesis
1478 3819 1538 3872 oo-

372 3918 595 4012 stantiensis,
626 3943 646 3994 a
675 3920 750 3994 viro
778 3917 951 3995 eutholioo
980 3943 1059 3996 eum
1086 3919 1235 3996 rnuliere
1265 3918 1457 3996 lutherana
1478 3944 1538 3996 oo-

373 4069 446 4120 ram
476 4043 637 4121 ministro
673 4042 876 4136 lutherano,
912 4042 1034 4120 eadern
1064 4047 1101 4120 S.
1133 4047 1170 4119 C.
1202 4045 1303 4147 prius
1335 4044 1532 4146 quaesiuit:

371 4171 466 4243 Num
498 4164 646 4244 Consilii
687 4165 875 4245 tridentini
902 4165 1042 4244 decretu
1074 4167 1212 4270 fuerint
1240 4167 1279 4244 io
1307 4165 1459 4244 dimensi
1485 4165 1537 4244 ei-

371 4277 482 4392 oilote
505 4289 758 4395 promulputo;
786 4304 822 4369 et
849 4315 935 4368 num
963 4287 1074 4368 forma
1100 4290 1248 4370 ineundi
1278 4289 1533 4369 matrinroniia

368 4411 515 4491 laudato
535 4413 688 4491 Conoiiio
703 4415 923 4519 praesoripta
942 4415 1167 4494 consueverit
1187 4414 1319 4494 ibidem
1338 4413 1534 4520 aliquunde
