<?xml version="1.0" encoding="UTF-8"?>
<!DOCTYPE html PUBLIC "-//W3C//DTD XHTML 1.0 Transitional//EN"
    "http://www.w3.org/TR/xhtml1/DTD/xhtml1-transitional.dtd">
<html xmlns="http://www.w3.org/1999/xhtml" xml:lang="en" lang="en">
 <head>
  <title>
</title>
<meta http-equiv="Content-Type" content="text/html;charset=utf-8" />
  <meta name='ocr-system' content='tesseract 3.04.00' />
  <meta name='ocr-capabilities' content='ocr_page ocr_carea ocr_par ocr_line ocrx_word'/>
</head>
<body>
  <div class='ocr_page' id='page_1' title='image "./deimpedimentism00mansgoog_0036.png"; bbox 0 0 3444 5302; ppageno 0'>
   <div class='ocr_carea' id='block_1_1' title="bbox 155 485 1328 2701">
    <p class='ocr_par' dir='ltr' id='par_1_1' title="bbox 663 485 817 548">
     <span class='ocr_line' id='line_1_1' title="bbox 663 485 817 548; baseline -0.006 -18"><span class='ocrx_word' id='word_1_1' title='bbox 663 515 699 530; x_wconf 87' lang='lat'><em>-</em></span> <span class='ocrx_word' id='word_1_2' title='bbox 722 485 759 548; x_wconf 71' lang='grc' dir='ltr'><em>ῃ</em></span> <span class='ocrx_word' id='word_1_3' title='bbox 781 515 817 529; x_wconf 90' lang='grc'><em>-</em></span> 
     </span>
    </p>

    <p class='ocr_par' dir='ltr' id='par_1_2' title="bbox 155 609 1323 1583">
     <span class='ocr_line' id='line_1_2' title="bbox 236 609 1323 716; baseline -0.006 -26"><span class='ocrx_word' id='word_1_4' title='bbox 236 619 273 690; x_wconf 82' lang='grc'><strong>3.</strong></span> <span class='ocrx_word' id='word_1_5' title='bbox 305 614 380 688; x_wconf 88' lang='lat' dir='ltr'><strong>lam</strong></span> <span class='ocrx_word' id='word_1_6' title='bbox 409 635 492 689; x_wconf 88' lang='lat' dir='ltr'><strong>roro</strong></span> <span class='ocrx_word' id='word_1_7' title='bbox 521 609 658 690; x_wconf 90' lang='lat' dir='ltr'><strong>nullum</strong></span> <span class='ocrx_word' id='word_1_8' title='bbox 683 611 777 690; x_wconf 90' lang='lat' dir='ltr'><strong>inter</strong></span> <span class='ocrx_word' id='word_1_9' title='bbox 806 623 983 716; x_wconf 77' lang='lat' dir='ltr'>raptorem</span> <span class='ocrx_word' id='word_1_10' title='bbox 1013 621 1050 687; x_wconf 91' lang='lat' dir='ltr'><strong>et</strong></span> <span class='ocrx_word' id='word_1_11' title='bbox 1071 621 1209 713; x_wconf 84' lang='lat' dir='ltr'><strong>raptam</strong></span> <span class='ocrx_word' id='word_1_12' title='bbox 1237 613 1323 684; x_wconf 80' lang='lat' dir='ltr'><strong>eon-¹</strong></span> 
     </span>
     <span class='ocr_line' id='line_1_3' title="bbox 155 731 1321 840; baseline -0.004 -25"><span class='ocrx_word' id='word_1_13' title='bbox 155 737 280 816; x_wconf 81' lang='lat' dir='ltr'><strong>sistere</strong></span> <span class='ocrx_word' id='word_1_14' title='bbox 308 733 572 813; x_wconf 82' lang='lat' dir='ltr'><strong>matrimonium</strong></span> <span class='ocrx_word' id='word_1_15' title='bbox 604 748 744 840; x_wconf 90' lang='lat' dir='ltr'><strong>potest,</strong></span> <span class='ocrx_word' id='word_1_16' title='bbox 775 734 947 840; x_wconf 85' lang='lat' dir='ltr'><strong>quamdiu</strong></span> <span class='ocrx_word' id='word_1_17' title='bbox 980 733 1069 812; x_wconf 89' lang='lat' dir='ltr'><strong>haee</strong></span> <span class='ocrx_word' id='word_1_18' title='bbox 1102 733 1139 811; x_wconf 93' lang='lat' dir='ltr'><strong>in</strong></span> <span class='ocrx_word' id='word_1_19' title='bbox 1168 731 1321 838; x_wconf 91' lang='lat' dir='ltr'><strong>raptoris</strong></span> 
     </span>
     <span class='ocr_line' id='line_1_4' title="bbox 156 855 1317 963; baseline -0.005 -25"><span class='ocrx_word' id='word_1_20' title='bbox 156 859 326 938; x_wconf 75' lang='lat' dir='ltr'><strong>manserit</strong></span> <span class='ocrx_word' id='word_1_21' title='bbox 352 871 544 963; x_wconf 82' lang='lat' dir='ltr'><strong>potestate.</strong></span> <span class='ocrx_word' id='word_1_22' title='bbox 575 861 721 938; x_wconf 89' lang='lat' dir='ltr'><strong>Constat</strong></span> <span class='ocrx_word' id='word_1_23' title='bbox 754 883 798 936; x_wconf 82' lang='lat' dir='ltr'><strong>er</strong></span> <span class='ocrx_word' id='word_1_24' title='bbox 826 857 980 937; x_wconf 76' lang='lat' dir='ltr'><strong>Consilio</strong></span> <span class='ocrx_word' id='word_1_25' title='bbox 1007 855 1215 936; x_wconf 85' lang='lat' dir='ltr'><strong>Tridentino</strong></span> <span class='ocrx_word' id='word_1_26' title='bbox 1242 858 1258 961; x_wconf 88' lang='lat'>(</span> <span class='ocrx_word' id='word_1_27' title='bbox 1286 855 1317 961; x_wconf 88' lang='lat'><strong>),</strong></span> 
     </span>
     <span class='ocr_line' id='line_1_5' title="bbox 156 983 1317 1092; baseline -0.004 -29"><span class='ocrx_word' id='word_1_28' title='bbox 156 983 250 1092; x_wconf 95' lang='lat' dir='ltr'><strong>quod</strong></span> <span class='ocrx_word' id='word_1_29' title='bbox 270 983 360 1061; x_wconf 89' lang='lat' dir='ltr'><strong>alias</strong></span> <span class='ocrx_word' id='word_1_30' title='bbox 380 983 473 1062; x_wconf 90' lang='lat' dir='ltr'><strong>inter</strong></span> <span class='ocrx_word' id='word_1_31' title='bbox 492 1007 625 1088; x_wconf 88' lang='lat' dir='ltr'><strong>poenas</strong></span> <span class='ocrx_word' id='word_1_32' title='bbox 644 995 948 1087; x_wconf 85' lang='lat' dir='ltr'><strong>eontra·raptores</strong></span> <span class='ocrx_word' id='word_1_33' title='bbox 968 983 1128 1087; x_wconf 89' lang='lat' dir='ltr'><strong>aliosque</strong></span> <span class='ocrx_word' id='word_1_34' title='bbox 1147 993 1317 1074; x_wconf 84' lang='lat' dir='ltr'><strong>statutas,</strong></span> 
     </span>
     <span class='ocr_line' id='line_1_6' title="bbox 157 1105 1322 1190; baseline -0.006 0"><span class='ocrx_word' id='word_1_35' title='bbox 157 1109 329 1190; x_wconf 85' lang='lat' dir='ltr'><strong>eiusmodi</strong></span> <span class='ocrx_word' id='word_1_36' title='bbox 367 1109 474 1186; x_wconf 89' lang='lat' dir='ltr'><strong>etiam</strong></span> <span class='ocrx_word' id='word_1_37' title='bbox 511 1109 630 1186; x_wconf 82' lang='lat' dir='ltr'><strong>sanxit</strong></span> <span class='ocrx_word' id='word_1_38' title='bbox 667 1105 928 1186; x_wconf 79' lang='lat' dir='ltr'><strong>inhabilitatem</strong></span> <span class='ocrx_word' id='word_1_39' title='bbox 970 1106 1204 1186; x_wconf 84' lang='lat' dir='ltr'><strong>contrahendi</strong></span> <span class='ocrx_word' id='word_1_40' title='bbox 1243 1131 1322 1184; x_wconf 90' lang='lat' dir='ltr'><strong>eum</strong></span> 
     </span>
     <span class='ocr_line' id='line_1_7' title="bbox 159 1227 1322 1340; baseline -0.005 -29"><span class='ocrx_word' id='word_1_41' title='bbox 159 1247 260 1340; x_wconf 92' lang='lat' dir='ltr'><strong>rapta</strong></span> <span class='ocrx_word' id='word_1_42' title='bbox 288 1233 565 1326; x_wconf 86' lang='lat' dir='ltr'><strong>matrimonium,</strong></span> <span class='ocrx_word' id='word_1_43' title='bbox 597 1245 637 1311; x_wconf 92' lang='lat' dir='ltr'><strong>ut</strong></span> <span class='ocrx_word' id='word_1_44' title='bbox 665 1244 781 1310; x_wconf 90' lang='lat' dir='ltr'><strong>sarota</strong></span> <span class='ocrx_word' id='word_1_45' title='bbox 811 1244 976 1336; x_wconf 81' lang='lat' dir='ltr'><strong>testaque</strong></span> <span class='ocrx_word' id='word_1_46' title='bbox 996 1229 1086 1309; x_wconf 90' lang='lat' dir='ltr'><strong>ieret</strong></span> <span class='ocrx_word' id='word_1_47' title='bbox 1105 1227 1322 1308; x_wconf 89' lang='lat' dir='ltr'><strong>matrimonii</strong></span> 
     </span>
     <span class='ocr_line' id='line_1_8' title="bbox 159 1353 1322 1460; baseline -0.005 -24"><span class='ocrx_word' id='word_1_48' title='bbox 159 1357 306 1436; x_wconf 91' lang='lat' dir='ltr'><strong>ineundi</strong></span> <span class='ocrx_word' id='word_1_49' title='bbox 330 1357 493 1450; x_wconf 89' lang='lat' dir='ltr'><strong>libertas,</strong></span> <span class='ocrx_word' id='word_1_50' title='bbox 524 1381 613 1435; x_wconf 85' lang='lat' dir='ltr'><strong>neve</strong></span> <span class='ocrx_word' id='word_1_51' title='bbox 633 1355 706 1434; x_wconf 92' lang='lat' dir='ltr'><strong>ulla</strong></span> <span class='ocrx_word' id='word_1_52' title='bbox 726 1354 872 1432; x_wconf 90' lang='lat' dir='ltr'><strong>erimine</strong></span> <span class='ocrx_word' id='word_1_53' title='bbox 900 1369 1025 1460; x_wconf 91' lang='lat' dir='ltr'><strong>raptus</strong></span> <span class='ocrx_word' id='word_1_54' title='bbox 1053 1355 1137 1433; x_wconf 89' lang='lat' dir='ltr'><strong>huie</strong></span> <span class='ocrx_word' id='word_1_55' title='bbox 1165 1353 1322 1432; x_wconf 86' lang='lat' dir='ltr'><strong>libertati</strong></span> 
     </span>
     <span class='ocr_line' id='line_1_9' title="bbox 159 1479 551 1583; baseline -0.005 -25"><span class='ocrx_word' id='word_1_56' title='bbox 159 1483 376 1583; x_wconf 83' lang='lat' dir='ltr'><strong>irrogaretur</strong></span> <span class='ocrx_word' id='word_1_57' title='bbox 406 1479 551 1556; x_wconf 89' lang='lat' dir='ltr'><strong>iniuria.</strong></span> 
     </span>
    </p>

    <p class='ocr_par' dir='ltr' id='par_1_3' title="bbox 158 1603 1325 2080">
     <span class='ocr_line' id='line_1_10' title="bbox 238 1603 1325 1710; baseline 0.001 -27"><span class='ocrx_word' id='word_1_58' title='bbox 238 1614 274 1683; x_wconf 81' lang='lat' dir='ltr'><strong>d.</strong></span> <span class='ocrx_word' id='word_1_59' title='bbox 306 1603 409 1684; x_wconf 90' lang='lat' dir='ltr'><strong>Unde</strong></span> <span class='ocrx_word' id='word_1_60' title='bbox 437 1616 551 1708; x_wconf 90' lang='lat' dir='ltr'><strong>patet,</strong></span> <span class='ocrx_word' id='word_1_61' title='bbox 583 1629 646 1681; x_wconf 91' lang='lat' dir='ltr'><strong>eur</strong></span> <span class='ocrx_word' id='word_1_62' title='bbox 674 1603 967 1709; x_wconf 89' lang='lat' dir='ltr'><strong>impedimentum</strong></span> <span class='ocrx_word' id='word_1_63' title='bbox 996 1617 1122 1710; x_wconf 90' lang='lat' dir='ltr'><strong>raptus</strong></span> <span class='ocrx_word' id='word_1_64' title='bbox 1141 1631 1184 1684; x_wconf 83' lang='lat' dir='ltr'><strong>ex</strong></span> <span class='ocrx_word' id='word_1_65' title='bbox 1204 1607 1325 1685; x_wconf 86' lang='lat' dir='ltr'><strong>novis·</strong></span> 
     </span>
     <span class='ocr_line' id='line_1_11' title="bbox 158 1727 1323 1835; baseline 0.001 -28"><span class='ocrx_word' id='word_1_66' title='bbox 158 1731 246 1808; x_wconf 94' lang='lat' dir='ltr'><strong>simo</strong></span> <span class='ocrx_word' id='word_1_67' title='bbox 264 1727 463 1807; x_wconf 83' lang='lat' dir='ltr'><strong>Tridentini</strong></span> <span class='ocrx_word' id='word_1_68' title='bbox 482 1729 574 1824; x_wconf 89' lang='lat' dir='ltr'><strong>iure,</strong></span> <span class='ocrx_word' id='word_1_69' title='bbox 607 1753 679 1806; x_wconf 94' lang='lat' dir='ltr'><strong>nou</strong></span> <span class='ocrx_word' id='word_1_70' title='bbox 706 1727 850 1833; x_wconf 92' lang='lat' dir='ltr'><strong>quidem</strong></span> <span class='ocrx_word' id='word_1_71' title='bbox 870 1741 1082 1835; x_wconf 87' lang='lat' dir='ltr'><strong>perpetuum</strong></span> <span class='ocrx_word' id='word_1_72' title='bbox 1102 1731 1163 1824; x_wconf 90' lang='lat' dir='ltr'><strong>sit,</strong></span> <span class='ocrx_word' id='word_1_73' title='bbox 1195 1729 1258 1808; x_wconf 90' lang='lat' dir='ltr'><strong>sed</strong></span> <span class='ocrx_word' id='word_1_74' title='bbox 1277 1729 1323 1808; x_wconf 92' lang='lat' dir='ltr'><strong>ad</strong></span> 
     </span>
     <span class='ocr_line' id='line_1_12' title="bbox 158 1850 1324 1958; baseline -0.003 -25"><span class='ocrx_word' id='word_1_75' title='bbox 158 1867 299 1958; x_wconf 88' lang='lat' dir='ltr'><strong>tempus</strong></span> <span class='ocrx_word' id='word_1_76' title='bbox 326 1850 511 1957; x_wconf 90' lang='lat' dir='ltr'><strong>perduret,</strong></span> <span class='ocrx_word' id='word_1_77' title='bbox 543 1851 655 1930; x_wconf 88' lang='lat' dir='ltr'><strong>donee</strong></span> <span class='ocrx_word' id='word_1_78' title='bbox 683 1851 818 1931; x_wconf 83' lang='lat' dir='ltr'><strong>seilicet</strong></span> <span class='ocrx_word' id='word_1_79' title='bbox 845 1852 972 1931; x_wconf 88' lang='lat' dir='ltr'><strong>mulier</strong></span> <span class='ocrx_word' id='word_1_80' title='bbox 1000 1877 1091 1931; x_wconf 87' lang='lat' dir='ltr'><strong>suae</strong></span> <span class='ocrx_word' id='word_1_81' title='bbox 1112 1855 1324 1932; x_wconf 85' lang='lat' dir='ltr'><strong>restituatur</strong></span> 
     </span>
     <span class='ocr_line' id='line_1_13' title="bbox 162 1975 1035 2080; baseline 0 -24"><span class='ocrx_word' id='word_1_82' title='bbox 162 1977 336 2072; x_wconf 89' lang='lat' dir='ltr'><strong>libertati,</strong></span> <span class='ocrx_word' id='word_1_83' title='bbox 368 1975 554 2080; x_wconf 89' lang='lat' dir='ltr'><strong>eidemque</strong></span> <span class='ocrx_word' id='word_1_84' title='bbox 582 1975 681 2054; x_wconf 89' lang='lat' dir='ltr'><strong>illata</strong></span> <span class='ocrx_word' id='word_1_85' title='bbox 710 1975 879 2054; x_wconf 85' lang='lat' dir='ltr'><strong>violentia</strong></span> <span class='ocrx_word' id='word_1_86' title='bbox 908 1990 1035 2056; x_wconf 84' lang='lat' dir='ltr'><strong>cesset.</strong></span> 
     </span>
    </p>

    <p class='ocr_par' dir='ltr' id='par_1_4' title="bbox 163 2099 1325 2330">
     <span class='ocr_line' id='line_1_14' title="bbox 241 2099 1325 2207; baseline 0 -27"><span class='ocrx_word' id='word_1_87' title='bbox 241 2111 277 2180; x_wconf 84' lang='lat'><strong>5.</strong></span> <span class='ocrx_word' id='word_1_88' title='bbox 310 2104 364 2178; x_wconf 83' lang='lat' dir='ltr'><strong>Ex</strong></span> <span class='ocrx_word' id='word_1_89' title='bbox 392 2101 449 2179; x_wconf 94' lang='lat' dir='ltr'><strong>his</strong></span> <span class='ocrx_word' id='word_1_90' title='bbox 476 2111 596 2178; x_wconf 91' lang='lat' dir='ltr'><strong>autem</strong></span> <span class='ocrx_word' id='word_1_91' title='bbox 624 2099 821 2202; x_wconf 80' lang='lat' dir='ltr'><strong>colligenda</strong></span> <span class='ocrx_word' id='word_1_92' title='bbox 851 2125 892 2178; x_wconf 90' lang='lat' dir='ltr'><strong>ae</strong></span> <span class='ocrx_word' id='word_1_93' title='bbox 919 2099 1077 2180; x_wconf 90' lang='lat' dir='ltr'><strong>notanda</strong></span> <span class='ocrx_word' id='word_1_94' title='bbox 1101 2102 1325 2207; x_wconf 93' lang='lat' dir='ltr'><strong>potissimum</strong></span> 
     </span>
     <span class='ocr_line' id='line_1_15' title="bbox 163 2236 611 2330; baseline -0.002 -28"><span class='ocrx_word' id='word_1_95' title='bbox 163 2239 248 2304; x_wconf 91' lang='lat' dir='ltr'><strong>sunt</strong></span> <span class='ocrx_word' id='word_1_96' title='bbox 275 2249 368 2330; x_wconf 92' lang='lat' dir='ltr'><strong>quae</strong></span> <span class='ocrx_word' id='word_1_97' title='bbox 396 2236 611 2328; x_wconf 89' lang='lat' dir='ltr'><strong>sequuntur.</strong></span> 
     </span>
    </p>

    <p class='ocr_par' dir='ltr' id='par_1_5' title="bbox 162 2346 1328 2701">
     <span class='ocr_line' id='line_1_16' title="bbox 240 2346 1327 2456; baseline 0.005 -30"><span class='ocrx_word' id='word_1_98' title='bbox 240 2347 388 2426; x_wconf 84' lang='lat' dir='ltr'><strong>Primo:</strong></span> <span class='ocrx_word' id='word_1_99' title='bbox 427 2346 627 2426; x_wconf 88' lang='lat' dir='ltr'><strong>Ineurritur</strong></span> <span class='ocrx_word' id='word_1_100' title='bbox 658 2359 784 2451; x_wconf 90' lang='lat' dir='ltr'><strong>raptus</strong></span> <span class='ocrx_word' id='word_1_101' title='bbox 813 2347 1127 2453; x_wconf 93' lang='lat' dir='ltr'><strong>impedimentum,</strong></span> <span class='ocrx_word' id='word_1_102' title='bbox 1164 2355 1327 2456; x_wconf 90' lang='lat' dir='ltr'><strong>quamvis</strong></span> 
     </span>
     <span class='ocr_line' id='line_1_17' title="bbox 163 2470 1328 2580; baseline 0.005 -32"><span class='ocrx_word' id='word_1_103' title='bbox 163 2471 287 2550; x_wconf 90' lang='lat' dir='ltr'><strong>mulier</strong></span> <span class='ocrx_word' id='word_1_104' title='bbox 315 2471 362 2549; x_wconf 88' lang='lat' dir='ltr'><strong>sit</strong></span> <span class='ocrx_word' id='word_1_105' title='bbox 390 2483 574 2574; x_wconf 79' lang='lat' dir='ltr'><strong>corrupta,</strong></span> <span class='ocrx_word' id='word_1_106' title='bbox 606 2470 820 2567; x_wconf 89' lang='lat' dir='ltr'><strong>inhonesta,</strong></span> <span class='ocrx_word' id='word_1_107' title='bbox 861 2471 1051 2551; x_wconf 80' lang='lat' dir='ltr'><strong>meretrix.</strong></span> <span class='ocrx_word' id='word_1_108' title='bbox 1093 2473 1201 2552; x_wconf 85' lang='lat' dir='ltr'><strong>Ratio</strong></span> <span class='ocrx_word' id='word_1_109' title='bbox 1229 2488 1328 2580; x_wconf 90' lang='lat' dir='ltr'><strong>patet</strong></span> 
     </span>
     <span class='ocr_line' id='line_1_18' title="bbox 162 2594 770 2701; baseline -0.003 -27"><span class='ocrx_word' id='word_1_110' title='bbox 162 2621 205 2674; x_wconf 84' lang='lat' dir='ltr'><strong>er</strong></span> <span class='ocrx_word' id='word_1_111' title='bbox 235 2609 337 2675; x_wconf 82' lang='lat' dir='ltr'><strong>textu</strong></span> <span class='ocrx_word' id='word_1_112' title='bbox 366 2621 407 2673; x_wconf 92' lang='lat' dir='ltr'><strong>ao</strong></span> <span class='ocrx_word' id='word_1_113' title='bbox 436 2595 506 2672; x_wconf 87' lang='lat' dir='ltr'><strong>line</strong></span> <span class='ocrx_word' id='word_1_114' title='bbox 534 2594 667 2674; x_wconf 91' lang='lat' dir='ltr'><strong>deereti</strong></span> <span class='ocrx_word' id='word_1_115' title='bbox 697 2595 712 2698; x_wconf 90' lang='grc'>(</span> <span class='ocrx_word' id='word_1_116' title='bbox 740 2598 770 2701; x_wconf 89' lang='grc'><strong>).</strong></span> 
     </span>
    </p>
   </div>
   <div class='ocr_carea' id='block_1_2' title="bbox 162 2719 1329 3198">
    <p class='ocr_par' dir='ltr' id='par_1_6' title="bbox 162 2719 1329 3198">
     <span class='ocr_line' id='line_1_19' title="bbox 242 2719 1329 2827; baseline 0 -27"><span class='ocrx_word' id='word_1_117' title='bbox 242 2719 427 2800; x_wconf 82' lang='lat' dir='ltr'><strong>Secundo:</strong></span> <span class='ocrx_word' id='word_1_118' title='bbox 467 2720 730 2809; x_wconf 79' lang='lat' dir='ltr'><strong>Matrimonium</strong></span> <span class='ocrx_word' id='word_1_119' title='bbox 759 2719 879 2799; x_wconf 90' lang='lat' dir='ltr'><strong>valore</strong></span> <span class='ocrx_word' id='word_1_120' title='bbox 907 2734 1005 2799; x_wconf 87' lang='lat' dir='ltr'><strong>earet</strong></span> <span class='ocrx_word' id='word_1_121' title='bbox 1032 2721 1196 2826; x_wconf 90' lang='lat' dir='ltr'><strong>quamvis</strong></span> <span class='ocrx_word' id='word_1_122' title='bbox 1225 2735 1329 2827; x_wconf 88' lang='lat' dir='ltr'><strong>rapta</strong></span> 
     </span>
     <span class='ocr_line' id='line_1_20' title="bbox 162 2838 1324 2950; baseline 0.002 -28"><span class='ocrx_word' id='word_1_123' title='bbox 162 2845 288 2924; x_wconf 90' lang='lat' dir='ltr'><strong>mulier</strong></span> <span class='ocrx_word' id='word_1_124' title='bbox 308 2845 345 2922; x_wconf 92' lang='lat' dir='ltr'><strong>in</strong></span> <span class='ocrx_word' id='word_1_125' title='bbox 365 2845 567 2946; x_wconf 77' lang='lat' dir='ltr'><strong>coniugium</strong></span> <span class='ocrx_word' id='word_1_126' title='bbox 586 2843 698 2924; x_wconf 89' lang='lat' dir='ltr'><strong>libere</strong></span> <span class='ocrx_word' id='word_1_127' title='bbox 717 2838 841 2924; x_wconf 81' lang='lat' dir='ltr'><strong>revera</strong></span> <span class='ocrx_word' id='word_1_128' title='bbox 862 2843 1075 2940; x_wconf 89' lang='lat' dir='ltr'><strong>eonsentiat,</strong></span> <span class='ocrx_word' id='word_1_129' title='bbox 1093 2871 1205 2950; x_wconf 94' lang='lat' dir='ltr'><strong>quum</strong></span> <span class='ocrx_word' id='word_1_130' title='bbox 1224 2873 1324 2925; x_wconf 89' lang='lat' dir='ltr'><strong>saera</strong></span> 
     </span>
     <span class='ocr_line' id='line_1_21' title="bbox 163 2967 1329 3074; baseline 0.002 -30"><span class='ocrx_word' id='word_1_131' title='bbox 163 2967 327 3073; x_wconf 79' lang='lat' dir='ltr'><strong>Synodus</strong></span> <span class='ocrx_word' id='word_1_132' title='bbox 347 2968 466 3070; x_wconf 80' lang='lat' dir='ltr'><strong>erigat</strong></span> <span class='ocrx_word' id='word_1_133' title='bbox 486 2967 617 3046; x_wconf 91' lang='lat' dir='ltr'><strong>nedum</strong></span> <span class='ocrx_word' id='word_1_134' title='bbox 635 2967 788 3047; x_wconf 88' lang='lat' dir='ltr'><strong>liberum</strong></span> <span class='ocrx_word' id='word_1_135' title='bbox 807 2981 931 3074; x_wconf 91' lang='lat' dir='ltr'><strong>raptae</strong></span> <span class='ocrx_word' id='word_1_136' title='bbox 951 2993 1161 3046; x_wconf 91' lang='lat' dir='ltr'><strong>eonsensum</strong></span> <span class='ocrx_word' id='word_1_137' title='bbox 1187 2971 1224 3046; x_wconf 95' lang='lat' dir='ltr'><strong>in</strong></span> <span class='ocrx_word' id='word_1_138' title='bbox 1244 2993 1329 3047; x_wconf 87' lang='lat' dir='ltr'><strong>eon-</strong></span> 
     </span>
     <span class='ocr_line' id='line_1_22' title="bbox 162 3090 1329 3198; baseline 0.003 -29"><span class='ocrx_word' id='word_1_139' title='bbox 162 3091 277 3195; x_wconf 83' lang='lat' dir='ltr'><strong>iugale</strong></span> <span class='ocrx_word' id='word_1_140' title='bbox 302 3091 441 3186; x_wconf 90' lang='lat' dir='ltr'><strong>ioedus,</strong></span> <span class='ocrx_word' id='word_1_141' title='bbox 473 3090 535 3170; x_wconf 91' lang='lat' dir='ltr'><strong>sed</strong></span> <span class='ocrx_word' id='word_1_142' title='bbox 563 3093 670 3170; x_wconf 89' lang='lat' dir='ltr'><strong>etiam</strong></span> <span class='ocrx_word' id='word_1_143' title='bbox 698 3105 740 3171; x_wconf 89' lang='lat' dir='ltr'><strong>ut</strong></span> <span class='ocrx_word' id='word_1_144' title='bbox 767 3093 871 3197; x_wconf 90' lang='lat' dir='ltr'><strong>plene</strong></span> <span class='ocrx_word' id='word_1_145' title='bbox 899 3092 1013 3171; x_wconf 91' lang='lat' dir='ltr'><strong>libera</strong></span> <span class='ocrx_word' id='word_1_146' title='bbox 1042 3094 1090 3170; x_wconf 92' lang='lat' dir='ltr'><strong>sit</strong></span> <span class='ocrx_word' id='word_1_147' title='bbox 1110 3119 1131 3170; x_wconf 94' lang='lat' dir='ltr'><strong>a</strong></span> <span class='ocrx_word' id='word_1_148' title='bbox 1149 3105 1329 3198; x_wconf 89' lang='lat' dir='ltr'><strong>potestate</strong></span> 
     </span>
    </p>
   </div>
   <div class='ocr_carea' id='block_1_3' title="bbox 163 3335 1336 4468">
    <p class='ocr_par' dir='ltr' id='par_1_7' title="bbox 163 3335 1336 4468">
     <span class='ocr_line' id='line_1_23' title="bbox 232 3335 1330 3410; baseline 0.002 -16"><span class='ocrx_word' id='word_1_149' title='bbox 232 3335 267 3409; x_wconf 80' lang='lat' dir='ltr'><strong>(t)</strong></span> <span class='ocrx_word' id='word_1_150' title='bbox 286 3341 357 3396; x_wconf 77' lang='lat' dir='ltr'><strong>Sese.</strong></span> <span class='ocrx_word' id='word_1_151' title='bbox 378 3343 423 3396; x_wconf 71' lang='lat' dir='ltr'><strong>tt.</strong></span> <span class='ocrx_word' id='word_1_152' title='bbox 442 3355 465 3396; x_wconf 86' lang='lat' dir='ltr'><strong>e.</strong></span> <span class='ocrx_word' id='word_1_153' title='bbox 486 3345 514 3396; x_wconf 81' lang='lat'><strong>6.</strong></span> <span class='ocrx_word' id='word_1_154' title='bbox 534 3339 568 3396; x_wconf 84' lang='lat' dir='ltr'><strong>de</strong></span> <span class='ocrx_word' id='word_1_155' title='bbox 587 3339 738 3410; x_wconf 77' lang='lat' dir='ltr'><strong>reformet.</strong></span> <span class='ocrx_word' id='word_1_156' title='bbox 758 3340 895 3398; x_wconf 80' lang='lat' dir='ltr'><strong>matrim.</strong></span> <span class='ocrx_word' id='word_1_157' title='bbox 916 3339 1062 3396; x_wconf 87' lang='lat' dir='ltr'><strong>-ibi-</strong></span> <span class='ocrx_word' id='word_1_158' title='bbox 1083 3361 1096 3390; x_wconf 84' lang='lat'><strong>‹&lt;</strong></span> <span class='ocrx_word' id='word_1_159' title='bbox 1118 3339 1248 3396; x_wconf 82' lang='lat' dir='ltr'><strong>Deeeruit</strong></span> <span class='ocrx_word' id='word_1_160' title='bbox 1267 3352 1330 3396; x_wconf 87' lang='lat' dir='ltr'><strong>sau·</strong></span> 
     </span>
     <span class='ocr_line' id='line_1_24' title="bbox 163 3427 1332 3500; baseline 0.002 -19"><span class='ocrx_word' id='word_1_161' title='bbox 163 3447 179 3474; x_wconf 65' lang='lat' dir='ltr'><strong>a&gt;</strong></span> <span class='ocrx_word' id='word_1_162' title='bbox 199 3433 241 3482; x_wconf 90' lang='lat' dir='ltr'><strong>eta</strong></span> <span class='ocrx_word' id='word_1_163' title='bbox 262 3427 406 3497; x_wconf 84' lang='lat' dir='ltr'><strong>synodus,</strong></span> <span class='ocrx_word' id='word_1_164' title='bbox 426 3428 501 3485; x_wconf 89' lang='lat' dir='ltr'><strong>inter</strong></span> <span class='ocrx_word' id='word_1_165' title='bbox 519 3435 662 3499; x_wconf 86' lang='lat' dir='ltr'><strong>raptorem</strong></span> <span class='ocrx_word' id='word_1_166' title='bbox 681 3434 710 3486; x_wconf 90' lang='lat' dir='ltr'><strong>et</strong></span> <span class='ocrx_word' id='word_1_167' title='bbox 728 3436 863 3500; x_wconf 87' lang='lat' dir='ltr'><strong>raptam,</strong></span> <span class='ocrx_word' id='word_1_168' title='bbox 892 3428 1022 3500; x_wconf 89' lang='lat' dir='ltr'><strong>quaudiu</strong></span> <span class='ocrx_word' id='word_1_169' title='bbox 1049 3429 1109 3500; x_wconf 89' lang='lat' dir='ltr'><strong>ipsa</strong></span> <span class='ocrx_word' id='word_1_170' title='bbox 1139 3429 1169 3486; x_wconf 92' lang='lat' dir='ltr'><strong>iu</strong></span> <span class='ocrx_word' id='word_1_171' title='bbox 1196 3434 1332 3500; x_wconf 88' lang='lat' dir='ltr'><strong>potestate</strong></span> 
     </span>
     <span class='ocr_line' id='line_1_25' title="bbox 165 3515 1333 3588; baseline -0.001 -17"><span class='ocrx_word' id='word_1_172' title='bbox 165 3537 180 3564; x_wconf 65' lang='lat' dir='ltr'><strong>a</strong></span> <span class='ocrx_word' id='word_1_173' title='bbox 201 3517 323 3586; x_wconf 90' lang='lat' dir='ltr'><strong>raptoris</strong></span> <span class='ocrx_word' id='word_1_174' title='bbox 343 3518 491 3584; x_wconf 88' lang='lat' dir='ltr'><strong>manserit,</strong></span> <span class='ocrx_word' id='word_1_175' title='bbox 511 3516 625 3573; x_wconf 85' lang='lat' dir='ltr'><strong>nullum</strong></span> <span class='ocrx_word' id='word_1_176' title='bbox 655 3531 737 3588; x_wconf 89' lang='lat' dir='ltr'><strong>posse</strong></span> <span class='ocrx_word' id='word_1_177' title='bbox 766 3517 920 3574; x_wconf 84' lang='lat' dir='ltr'><strong>consistere</strong></span> <span class='ocrx_word' id='word_1_178' title='bbox 947 3517 1174 3574; x_wconf 81' lang='lat' dir='ltr'><strong>matrimonium.</strong></span> <span class='ocrx_word' id='word_1_179' title='bbox 1201 3515 1281 3582; x_wconf 81' lang='lat' dir='ltr'><strong>Quod</strong></span> <span class='ocrx_word' id='word_1_180' title='bbox 1308 3515 1333 3571; x_wconf 89' lang='lat' dir='ltr'><strong>si</strong></span> 
     </span>
     <span class='ocr_line' id='line_1_26' title="bbox 165 3603 1332 3676; baseline -0.002 -16"><span class='ocrx_word' id='word_1_181' title='bbox 165 3623 180 3652; x_wconf 68' lang='lat' dir='ltr'><strong>a</strong></span> <span class='ocrx_word' id='word_1_182' title='bbox 200 3613 279 3674; x_wconf 92' lang='lat' dir='ltr'><strong>rapta</strong></span> <span class='ocrx_word' id='word_1_183' title='bbox 299 3619 314 3660; x_wconf 90' lang='lat' dir='ltr'><strong>a</strong></span> <span class='ocrx_word' id='word_1_184' title='bbox 331 3609 444 3676; x_wconf 89' lang='lat' dir='ltr'><strong>raptore</strong></span> <span class='ocrx_word' id='word_1_185' title='bbox 458 3611 597 3675; x_wconf 85' lang='lat' dir='ltr'><strong>separata,</strong></span> <span class='ocrx_word' id='word_1_186' title='bbox 610 3609 638 3661; x_wconf 90' lang='lat' dir='ltr'><strong>et</strong></span> <span class='ocrx_word' id='word_1_187' title='bbox 651 3605 680 3661; x_wconf 89' lang='lat' dir='ltr'><strong>iu</strong></span> <span class='ocrx_word' id='word_1_188' title='bbox 700 3606 761 3662; x_wconf 87' lang='lat' dir='ltr'><strong>loeo</strong></span> <span class='ocrx_word' id='word_1_189' title='bbox 781 3613 841 3664; x_wconf 91' lang='lat' dir='ltr'><strong>tuto</strong></span> <span class='ocrx_word' id='word_1_190' title='bbox 860 3619 893 3661; x_wconf 91' lang='lat' dir='ltr'><strong>ae</strong></span> <span class='ocrx_word' id='word_1_191' title='bbox 908 3605 999 3662; x_wconf 90' lang='lat' dir='ltr'><strong>libero</strong></span> <span class='ocrx_word' id='word_1_192' title='bbox 1019 3605 1183 3670; x_wconf 83' lang='lat' dir='ltr'><strong>constituta,</strong></span> <span class='ocrx_word' id='word_1_193' title='bbox 1204 3603 1332 3659; x_wconf 86' lang='lat' dir='ltr'><strong>illumin</strong></span> 
     </span>
     <span class='ocr_line' id='line_1_27' title="bbox 165 3689 1332 3766; baseline -0.002 -18"><span class='ocrx_word' id='word_1_194' title='bbox 165 3713 182 3742; x_wconf 72' lang='lat' dir='ltr'><strong>a&gt;</strong></span> <span class='ocrx_word' id='word_1_195' title='bbox 202 3693 297 3749; x_wconf 88' lang='lat' dir='ltr'><strong>rtrum</strong></span> <span class='ocrx_word' id='word_1_196' title='bbox 318 3693 422 3750; x_wconf 87' lang='lat' dir='ltr'><strong>habere</strong></span> <span class='ocrx_word' id='word_1_197' title='bbox 441 3694 627 3762; x_wconf 82' lang='lat' dir='ltr'><strong>oonseuserit,</strong></span> <span class='ocrx_word' id='word_1_198' title='bbox 647 3707 710 3750; x_wconf 87' lang='lat' dir='ltr'><strong>earn</strong></span> <span class='ocrx_word' id='word_1_199' title='bbox 730 3701 826 3766; x_wconf 89' lang='lat' dir='ltr'><strong>raptor</strong></span> <span class='ocrx_word' id='word_1_200' title='bbox 845 3694 875 3750; x_wconf 94' lang='lat' dir='ltr'><strong>in</strong></span> <span class='ocrx_word' id='word_1_201' title='bbox 890 3705 1011 3750; x_wconf 82' lang='lat' dir='ltr'><strong>uxorem</strong></span> <span class='ocrx_word' id='word_1_202' title='bbox 1030 3691 1147 3760; x_wconf 90' lang='lat' dir='ltr'><strong>habeat;</strong></span> <span class='ocrx_word' id='word_1_203' title='bbox 1176 3697 1203 3748; x_wconf 88' lang='lat' dir='ltr'><strong>et</strong></span> <span class='ocrx_word' id='word_1_204' title='bbox 1229 3689 1332 3747; x_wconf 83' lang='lat' dir='ltr'><strong>nitriio·</strong></span> 
     </span>
     <span class='ocr_line' id='line_1_28' title="bbox 164 3771 1332 3853; baseline 0.001 -16"><span class='ocrx_word' id='word_1_205' title='bbox 164 3803 180 3830; x_wconf 74' lang='lat'><strong>2&gt;</strong></span> <span class='ocrx_word' id='word_1_206' title='bbox 201 3783 297 3838; x_wconf 83' lang='lat' dir='ltr'><strong>miuus</strong></span> <span class='ocrx_word' id='word_1_207' title='bbox 310 3789 407 3853; x_wconf 91' lang='lat' dir='ltr'><strong>raptor</strong></span> <span class='ocrx_word' id='word_1_208' title='bbox 420 3784 481 3853; x_wconf 91' lang='lat' dir='ltr'><strong>ipse</strong></span> <span class='ocrx_word' id='word_1_209' title='bbox 495 3791 523 3839; x_wconf 90' lang='lat' dir='ltr'><strong>et</strong></span> <span class='ocrx_word' id='word_1_210' title='bbox 542 3796 641 3840; x_wconf 89' lang='lat' dir='ltr'><strong>omues</strong></span> <span class='ocrx_word' id='word_1_211' title='bbox 655 3783 697 3840; x_wconf 89' lang='lat' dir='ltr'><strong>ilii</strong></span> <span class='ocrx_word' id='word_1_212' title='bbox 717 3771 880 3850; x_wconf 82' lang='lat' dir='ltr'><strong>consitioni,</strong></span> <span class='ocrx_word' id='word_1_213' title='bbox 901 3781 1044 3840; x_wconf 81' lang='lat' dir='ltr'><strong>auxilium</strong></span> <span class='ocrx_word' id='word_1_214' title='bbox 1058 3788 1086 3836; x_wconf 82' lang='lat' dir='ltr'><strong>et</strong></span> <span class='ocrx_word' id='word_1_215' title='bbox 1105 3781 1231 3838; x_wconf 77' lang='lat' dir='ltr'><strong>savorem</strong></span> <span class='ocrx_word' id='word_1_216' title='bbox 1251 3795 1332 3852; x_wconf 83' lang='lat' dir='ltr'><strong>pree·</strong></span> 
     </span>
     <span class='ocr_line' id='line_1_29' title="bbox 165 3868 1333 3942; baseline -0.001 -17"><span class='ocrx_word' id='word_1_217' title='bbox 165 3889 181 3917; x_wconf 65' lang='lat' dir='ltr'>n</span> <span class='ocrx_word' id='word_1_218' title='bbox 203 3869 299 3926; x_wconf 85' lang='lat' dir='ltr'><strong>beutes</strong></span> <span class='ocrx_word' id='word_1_219' title='bbox 319 3871 376 3924; x_wconf 87' lang='lat' dir='ltr'><strong>siut</strong></span> <span class='ocrx_word' id='word_1_220' title='bbox 394 3869 456 3940; x_wconf 89' lang='lat' dir='ltr'><strong>ipso</strong></span> <span class='ocrx_word' id='word_1_221' title='bbox 476 3869 538 3926; x_wconf 89' lang='lat' dir='ltr'><strong>iure</strong></span> <span class='ocrx_word' id='word_1_222' title='bbox 557 3871 795 3928; x_wconf 72' lang='lat' dir='ltr'><strong>exeommunicati</strong></span> <span class='ocrx_word' id='word_1_223' title='bbox 817 3885 850 3926; x_wconf 90' lang='lat' dir='ltr'><strong>ae</strong></span> <span class='ocrx_word' id='word_1_224' title='bbox 869 3877 1006 3942; x_wconf 88' lang='lat' dir='ltr'><strong>perpetuo</strong></span> <span class='ocrx_word' id='word_1_225' title='bbox 1031 3868 1163 3936; x_wconf 76' lang='lat' dir='ltr'><strong>infames,</strong></span> <span class='ocrx_word' id='word_1_226' title='bbox 1188 3869 1333 3926; x_wconf 89' lang='lat' dir='ltr'><strong>omnium·</strong></span> 
     </span>
     <span class='ocr_line' id='line_1_30' title="bbox 165 3956 1333 4029; baseline 0.002 -18"><span class='ocrx_word' id='word_1_227' title='bbox 165 3975 181 4005; x_wconf 64' lang='lat'><strong>2&gt;</strong></span> <span class='ocrx_word' id='word_1_228' title='bbox 203 3969 256 4026; x_wconf 90' lang='lat' dir='ltr'><strong>que</strong></span> <span class='ocrx_word' id='word_1_229' title='bbox 275 3956 446 4028; x_wconf 77' lang='lat' dir='ltr'><strong>dignitatum</strong></span> <span class='ocrx_word' id='word_1_230' title='bbox 467 3957 632 4028; x_wconf 90' lang='lat' dir='ltr'><strong>iueapaees;</strong></span> <span class='ocrx_word' id='word_1_231' title='bbox 653 3965 679 4014; x_wconf 91' lang='lat' dir='ltr'><strong>et</strong></span> <span class='ocrx_word' id='word_1_232' title='bbox 693 3957 716 4014; x_wconf 92' lang='lat' dir='ltr'><strong>si</strong></span> <span class='ocrx_word' id='word_1_233' title='bbox 737 3958 833 4015; x_wconf 91' lang='lat' dir='ltr'><strong>eieriei</strong></span> <span class='ocrx_word' id='word_1_234' title='bbox 848 3958 964 4025; x_wconf 85' lang='lat' dir='ltr'><strong>luerint,</strong></span> <span class='ocrx_word' id='word_1_235' title='bbox 985 3957 1019 4014; x_wconf 91' lang='lat' dir='ltr'><strong>de</strong></span> <span class='ocrx_word' id='word_1_236' title='bbox 1039 3959 1156 4029; x_wconf 88' lang='lat' dir='ltr'><strong>proprio</strong></span> <span class='ocrx_word' id='word_1_237' title='bbox 1176 3957 1267 4029; x_wconf 81' lang='lat' dir='ltr'><strong>gradu</strong></span> <span class='ocrx_word' id='word_1_238' title='bbox 1287 3957 1333 4013; x_wconf 90' lang='lat' dir='ltr'><strong>de·</strong></span> 
     </span>
     <span class='ocr_line' id='line_1_31' title="bbox 165 4043 1333 4116; baseline 0.008 -23"><span class='ocrx_word' id='word_1_239' title='bbox 165 4061 182 4093; x_wconf 68' lang='lat' dir='ltr'><strong>s</strong></span> <span class='ocrx_word' id='word_1_240' title='bbox 204 4043 306 4100; x_wconf 90' lang='lat' dir='ltr'><strong>eidaut.</strong></span> <span class='ocrx_word' id='word_1_241' title='bbox 322 4047 461 4100; x_wconf 82' lang='lat' dir='ltr'><strong>Tenentur</strong></span> <span class='ocrx_word' id='word_1_242' title='bbox 474 4051 617 4114; x_wconf 85' lang='lat' dir='ltr'><strong>praeterea</strong></span> <span class='ocrx_word' id='word_1_243' title='bbox 638 4051 735 4116; x_wconf 89' lang='lat' dir='ltr'><strong>raptor</strong></span> <span class='ocrx_word' id='word_1_244' title='bbox 748 4046 901 4103; x_wconf 88' lang='lat' dir='ltr'><strong>mutierem</strong></span> <span class='ocrx_word' id='word_1_245' title='bbox 920 4053 1031 4116; x_wconf 89' lang='lat' dir='ltr'><strong>raptam</strong></span> <span class='ocrx_word' id='word_1_246' title='bbox 1050 4045 1112 4102; x_wconf 86' lang='lat' dir='ltr'><strong>sive</strong></span> <span class='ocrx_word' id='word_1_247' title='bbox 1130 4059 1192 4101; x_wconf 89' lang='lat' dir='ltr'><strong>eam</strong></span> <span class='ocrx_word' id='word_1_248' title='bbox 1213 4059 1333 4102; x_wconf 84' lang='lat' dir='ltr'><strong>uxorem</strong></span> 
     </span>
     <span class='ocr_line' id='line_1_32' title="bbox 166 4131 1335 4200; baseline 0.003 -13"><span class='ocrx_word' id='word_1_249' title='bbox 166 4152 181 4182; x_wconf 71' lang='lat' dir='ltr'><strong>e</strong></span> <span class='ocrx_word' id='word_1_250' title='bbox 204 4131 327 4200; x_wconf 80' lang='lat' dir='ltr'><strong>duxerit,</strong></span> <span class='ocrx_word' id='word_1_251' title='bbox 348 4133 410 4188; x_wconf 82' lang='lat' dir='ltr'><strong>sire</strong></span> <span class='ocrx_word' id='word_1_252' title='bbox 429 4145 487 4188; x_wconf 92' lang='lat' dir='ltr'><strong>nou</strong></span> <span class='ocrx_word' id='word_1_253' title='bbox 506 4133 630 4200; x_wconf 85' lang='lat' dir='ltr'><strong>duxerit,</strong></span> <span class='ocrx_word' id='word_1_254' title='bbox 651 4133 782 4192; x_wconf 84' lang='lat' dir='ltr'><strong>decenter</strong></span> <span class='ocrx_word' id='word_1_255' title='bbox 806 4135 925 4192; x_wconf 87' lang='lat' dir='ltr'><strong>arbitrio</strong></span> <span class='ocrx_word' id='word_1_256' title='bbox 950 4133 1052 4190; x_wconf 88' lang='lat' dir='ltr'><strong>iudieis</strong></span> <span class='ocrx_word' id='word_1_257' title='bbox 1071 4133 1178 4192; x_wconf 88' lang='lat' dir='ltr'><strong>dotare.</strong></span> <span class='ocrx_word' id='word_1_258' title='bbox 1201 4155 1215 4184; x_wconf 77' lang='lat' dir='ltr'><strong>e</strong></span> <span class='ocrx_word' id='word_1_259' title='bbox 1236 4165 1269 4177; x_wconf 93' lang='lat'><strong>—-</strong></span> <span class='ocrx_word' id='word_1_260' title='bbox 1296 4137 1335 4191; x_wconf 87' lang='lat' dir='ltr'><strong>De</strong></span> 
     </span>
     <span class='ocr_line' id='line_1_33' title="bbox 165 4219 1334 4294; baseline 0.003 -19"><span class='ocrx_word' id='word_1_261' title='bbox 165 4219 222 4275; x_wconf 90' lang='lat' dir='ltr'><strong>hoe</strong></span> <span class='ocrx_word' id='word_1_262' title='bbox 241 4219 371 4290; x_wconf 83' lang='lat' dir='ltr'><strong>synodali</strong></span> <span class='ocrx_word' id='word_1_263' title='bbox 391 4220 504 4277; x_wconf 88' lang='lat' dir='ltr'><strong>deereto</strong></span> <span class='ocrx_word' id='word_1_264' title='bbox 524 4221 682 4292; x_wconf 84' lang='lat' dir='ltr'><strong>poenisque</strong></span> <span class='ocrx_word' id='word_1_265' title='bbox 701 4222 818 4280; x_wconf 84' lang='lat' dir='ltr'><strong>initiens</strong></span> <span class='ocrx_word' id='word_1_266' title='bbox 837 4221 899 4280; x_wconf 90' lang='lat' dir='ltr'><strong>iuse</strong></span> <span class='ocrx_word' id='word_1_267' title='bbox 918 4221 1077 4294; x_wconf 89' lang='lat' dir='ltr'><strong>loquuntur</strong></span> <span class='ocrx_word' id='word_1_268' title='bbox 1095 4223 1173 4279; x_wconf 85' lang='lat' dir='ltr'><strong>citati</strong></span> <span class='ocrx_word' id='word_1_269' title='bbox 1193 4230 1334 4291; x_wconf 80' lang='lat' dir='ltr'><strong>auctores,</strong></span> 
     </span>
     <span class='ocr_line' id='line_1_34' title="bbox 168 4306 1336 4382; baseline 0.006 -21"><span class='ocrx_word' id='word_1_270' title='bbox 168 4307 295 4362; x_wconf 88' lang='lat' dir='ltr'><strong>Sauehez</strong></span> <span class='ocrx_word' id='word_1_271' title='bbox 311 4306 362 4362; x_wconf 86' lang='lat' dir='ltr'><strong>lib.</strong></span> <span class='ocrx_word' id='word_1_272' title='bbox 383 4311 410 4363; x_wconf 89' lang='grc'><strong>7.</strong></span> <span class='ocrx_word' id='word_1_273' title='bbox 429 4307 506 4380; x_wconf 82' lang='lat' dir='ltr'><strong>disp.</strong></span> <span class='ocrx_word' id='word_1_274' title='bbox 528 4313 578 4370; x_wconf 69' lang='lat' dir='ltr'><strong>lor</strong></span> <span class='ocrx_word' id='word_1_275' title='bbox 598 4307 716 4381; x_wconf 77' lang='lat' dir='ltr'><strong>Pirhing</strong></span> <span class='ocrx_word' id='word_1_276' title='bbox 730 4309 780 4366; x_wconf 85' lang='lat' dir='ltr'><strong>tte.</strong></span> <span class='ocrx_word' id='word_1_277' title='bbox 795 4317 821 4366; x_wconf 84' lang='lat'><strong>5.</strong></span> <span class='ocrx_word' id='word_1_278' title='bbox 837 4313 886 4368; x_wconf 83' lang='lat' dir='ltr'><strong>tit.</strong></span> <span class='ocrx_word' id='word_1_279' title='bbox 902 4315 944 4367; x_wconf 80' lang='lat' dir='ltr'><strong>tt.</strong></span> <span class='ocrx_word' id='word_1_280' title='bbox 963 4315 1026 4368; x_wconf 84' lang='lat' dir='ltr'><strong>seet.</strong></span> <span class='ocrx_word' id='word_1_281' title='bbox 1049 4315 1072 4366; x_wconf 83' lang='lat' dir='ltr'><strong>t.</strong></span> <span class='ocrx_word' id='word_1_282' title='bbox 1093 4310 1123 4382; x_wconf 71' lang='lat' dir='ltr'><strong>S.</strong></span> <span class='ocrx_word' id='word_1_283' title='bbox 1144 4313 1196 4374; x_wconf 73' lang='lat' dir='ltr'><strong>tte</strong></span> <span class='ocrx_word' id='word_1_284' title='bbox 1218 4343 1250 4353; x_wconf 99' lang='lat'>-</span> <span class='ocrx_word' id='word_1_285' title='bbox 1264 4313 1336 4368; x_wconf 87' lang='lat' dir='ltr'><strong>Leu-</strong></span> 
     </span>
     <span class='ocr_line' id='line_1_35' title="bbox 167 4393 876 4468; baseline 0.007 -17"><span class='ocrx_word' id='word_1_286' title='bbox 167 4395 266 4451; x_wconf 88' lang='lat' dir='ltr'><strong>reuius</strong></span> <span class='ocrx_word' id='word_1_287' title='bbox 287 4393 339 4450; x_wconf 82' lang='lat' dir='ltr'><strong>ee.</strong></span> <span class='ocrx_word' id='word_1_288' title='bbox 361 4401 387 4448; x_wconf 77' lang='lat' dir='ltr'><strong>e.</strong></span> <span class='ocrx_word' id='word_1_289' title='bbox 407 4395 453 4452; x_wconf 83' lang='lat' dir='ltr'><strong>tit.</strong></span> <span class='ocrx_word' id='word_1_290' title='bbox 473 4401 499 4452; x_wconf 82' lang='lat'><strong>2.</strong></span> <span class='ocrx_word' id='word_1_291' title='bbox 521 4405 629 4468; x_wconf 82' lang='lat' dir='ltr'><strong>quaest.</strong></span> <span class='ocrx_word' id='word_1_292' title='bbox 651 4402 712 4456; x_wconf 74' lang='lat' dir='ltr'><strong>tae.</strong></span> <span class='ocrx_word' id='word_1_293' title='bbox 733 4405 760 4455; x_wconf 90' lang='lat' dir='ltr'><strong>et</strong></span> <span class='ocrx_word' id='word_1_294' title='bbox 779 4400 876 4457; x_wconf 84' lang='lat' dir='ltr'><strong>ueteri.</strong></span> 
     </span>
    </p>
   </div>
   <div class='ocr_carea' id='block_1_4' title="bbox 221 4482 1283 4630">
    <p class='ocr_par' dir='ltr' id='par_1_8' title="bbox 221 4482 1283 4630">
     <span class='ocr_line' id='line_1_36' title="bbox 241 4482 1042 4560; baseline 0.005 -20"><span class='ocrx_word' id='word_1_295' title='bbox 241 4482 278 4556; x_wconf 73' lang='lat' dir='ltr'><strong>(i)</strong></span> <span class='ocrx_word' id='word_1_296' title='bbox 297 4484 422 4540; x_wconf 86' lang='lat' dir='ltr'><strong>Sauehea</strong></span> <span class='ocrx_word' id='word_1_297' title='bbox 444 4483 463 4540; x_wconf 87' lang='lat' dir='ltr'><strong>l.</strong></span> <span class='ocrx_word' id='word_1_298' title='bbox 483 4501 506 4542; x_wconf 87' lang='lat' dir='ltr'><strong>e.</strong></span> <span class='ocrx_word' id='word_1_299' title='bbox 527 4501 559 4542; x_wconf 80' lang='lat' dir='ltr'><strong>rt.</strong></span> <span class='ocrx_word' id='word_1_300' title='bbox 581 4491 622 4555; x_wconf 77' lang='lat' dir='ltr'><strong>tl,</strong></span> <span class='ocrx_word' id='word_1_301' title='bbox 645 4487 753 4560; x_wconf 85' lang='lat' dir='ltr'><strong>aliique</strong></span> <span class='ocrx_word' id='word_1_302' title='bbox 772 4495 869 4546; x_wconf 90' lang='lat' dir='ltr'><strong>eontra</strong></span> <span class='ocrx_word' id='word_1_303' title='bbox 890 4489 1042 4546; x_wconf 82' lang='lat' dir='ltr'><strong>Beekman.</strong></span> 
     </span>
     <span class='ocr_line' id='line_1_37' title="bbox 221 4569 1283 4630; baseline 0.004 -14"><span class='ocrx_word' id='word_1_304' title='bbox 221 4581 353 4619; x_wconf 73' lang='lat' dir='ltr'><strong>uenerunt.</strong></span> <span class='ocrx_word' id='word_1_305' title='bbox 369 4571 402 4618; x_wconf 82' lang='lat' dir='ltr'><strong>De</strong></span> <span class='ocrx_word' id='word_1_306' title='bbox 417 4569 615 4630; x_wconf 79' lang='lat' dir='ltr'><strong>impedimentis.</strong></span> <span class='ocrx_word' id='word_1_307' title='bbox 1269 4579 1283 4620; x_wconf 78' lang='lat' dir='ltr'><strong>t</strong></span> 
     </span>
    </p>
   </div>
   <div class='ocr_carea' id='block_1_5' title="bbox 0 0 1745 5302">
    <p class='ocr_par' dir='ltr' id='par_1_9' title="bbox 0 0 1745 5302">
     <span class='ocr_line' id='line_1_38' title="bbox 0 0 1745 5302; baseline 0 0"><span class='ocrx_word' id='word_1_308' title='bbox 0 0 1745 5302; x_wconf 95' lang='lat' dir='ltr'><strong> </strong></span> 
     </span>
    </p>
   </div>
  </div>
 </body>
</html>
