3402 5292
645 477 822 539 -aao-
916 555 920 564 ¹

176 747 208 837 at
230 747 274 824 iio
298 745 413 830 sunni
434 747 598 823 Pontinois
609 747 778 840 potestate
789 744 996 838 dispensanti
1009 748 1051 820 ab
1065 743 1295 838 inpoiinento

318 853 439 928 onorii
461 855 659 930 matrimonii
679 854 747 929 rati
768 855 804 928 ot
825 871 888 928 aon
909 850 1135 927 omnmnati.

232 1111 296 1180 31.
327 1103 455 1205 ltaque
482 1101 578 1206 quod
607 1101 737 1180 attinet
767 1111 802 1179 1⁰
830 1099 874 1178 ad
916 1123 1133 1178 summorum
1166 1097 1319 1176 Pontifi-

153 1249 231 1304 eum
265 1237 480 1330 potestatem
516 1225 718 1330 praedictas
755 1223 1045 1330 dispensationes·
1075 1221 1315 1317 oonoodendi,

153 1373 456 1453 supervacaneum
484 1361 522 1428 et
548 1347 648 1426 nefas
678 1361 776 1427 esset
801 1371 879 1425 eam
914 1346 1020 1425 hodie
1047 1349 1085 1424 in
1113 1358 1318 1425 oontrovor-

53 1502 55 1506 ’
155 1473 244 1552 siam
272 1497 451 1552 rovocare.
481 1472 688 1552 Gravissimi
716 1472 876 1550 enimet
905 1493 1054 1550 numero
1086 1469 1208 1576 piures
1241 1484 1317 1549 tum

154 1597 325 1700 theologi,
356 1609 432 1676 tum
460 1596 611 1674 maxima
639 1597 860 1690 canonistae,
892 1594 927 1674 id
955 1595 1080 1700 proonl
1104 1595 1214 1674 dnbio
1241 1619 1319 1674 om·

154 1722 239 1800 nino
253 1720 448 1800 tenendum
467 1745 545 1799 osse
567 1718 859 1799 disertetradnnt
880 1719 968 1822 (Csr
984 1719 1157 1806 Sauciet,
1172 1725 1237 1825 op.
1251 1719 1314 1798 eit.

155 1843 216 1924 tit.
231 1854 269 1924 2.
284 1844 376 1950 disp.
395 1853 456 1923 ii.
474 1841 796 1948 n.2;-Pipnotelli
810 1842 837 1920 t.
852 1869 885 1921 o.
898 1841 1025 1946 n.ii);
1044 1856 1079 1920 et
1093 1843 1189 1947 quod
1205 1844 1319 1921 maxi-

154 1995 249 2047 mum
277 1983 347 2063 est,
369 1968 505 2048 romani
520 1967 707 2046 Pontifices
722 1967 875 2071 idipsum
891 1965 1178 2070 frequentissimo
1197 1991 1318 2045 exem·-

154 2093 212 2198 plo
227 2117 293 2171 suo
307 2091 576 2186 nonsummum,
607 2103 718 2194 atquo
737 2089 774 2168 in
793 2089 870 2167 dies
897 2089 1119 2168 ooniirmant·
1136 2089 1220 2193 (Gfr
1238 2089 1317 2168 Cle-

154 2217 255 2296 rioat.
287 2215 498 2295 desuerom.
520 2226 631 2294 metr.
653 2213 760 2293 doeio.
786 2223 848 2292 15.
872 2239 909 2291 n.
936 2223 1050 2308 1-tu;
1073 2259 1098 2274 -
1118 2215 1314 2318 Sohmalzg.

156 2341 217 2420 tit.
251 2349 289 2419 t.
321 2341 379 2418 o't.
413 2349 475 2419 19.
507 2340 549 2418 de
576 2339 707 2418 divort.
744 2363 806 2416 on.
840 2345 886 2416 te
926 2350 959 2416 et
982 2363 1076 2442 seqq.
1099 2339 1315 2435 -·Sanohez,

153 2465 219 2544 loc.
251 2489 363 2570 nuper
391 2464 488 2566 eit).
519 2467 635 2552 Quare
663 2463 751 2542 haee
778 2463 855 2568 ipsa
883 2489 914 2540 s.
947 2463 1177 2566 Congregatio
1212 2487 1319 2568 snper

157 2588 361 2669 huiusmodi
388 2587 556 2694 precibus
582 2587 651 2666 sibi
671 2615 692 2664 a
711 2587 858 2666 summis
886 2586 1118 2666 Pontificibus
1145 2587 1315 2683 remissis,

154 2727 275 2792 votnm
303 2713 541 2792 consuitivum
569 2735 633 2816 pro
661 2709 927 2816 dispensatione
960 2709 1165 2814 frequenter
1193 2710 1318 2789 iisdem
1365 2753 1368 2761 2

155 2837 359 2933 obtulit,uti
373 2835 657 2914 animadversum
673 2834 742 2912 iam
757 2834 825 2914 init
840 2834 878 2911 in
893 2841 1047 2938 Propon.
1063 2833 1316 2914 nmtrimonit'i

157 2961 235 3040 iulii
268 2970 363 3039 1731
396 2973 433 3038 et
460 2969 507 3038 27
538 2958 708 3037 februarii
740 2967 854 3037 1734.

156 3191 187 3276 t)
209 3190 254 3264 De
276 3209 339 3266 non
361 3188 632 3264 oenennmttione
654 3189 850 3264 nutrimenti
871 3185 1072 3282 pnmutess
1087 3190 1264 3284 inquiritur
1278 3209 1321 3266 on

223 3295 404 3372 moratorie
426 3299 541 3370 extent
563 3295 689 3370 incarn
705 3297 904 3389 argumente,
917 3295 1035 3390 quium
1046 3317 1110 3371 non
1121 3299 1236 3371 eoonta
1247 3317 1319 3370 oon·

225 3403 396 3478 nammatio
408 3401 663 3475 lnoulentisoime
674 3402 800 3494 putenm
815 3401 896 3494 qnod
907 3405 976 3474 turn
988 3422 1029 3476 ex
1044 3402 1108 3475 viri
1120 3405 1321 3496 impotentia,

221 3506 1322 3601 mmmmmmmmmmmmmm

221 3611 314 3686 lieris
336 3611 533 3707 uirginitate
555 3617 705 3686 nauseare
728 3612 919 3687 ostenditur.

238 3834 302 3903 32.
334 3826 461 3904 Relato
489 3839 609 3904 autem
638 3836 675 3904 2⁰
694 3825 738 3904 ad
758 3836 981 3930 argumenta,
1003 3827 1136 3933 quibus
1172 3853 1244 3906 non
1262 3853 1321 3906 so-

157 3959 239 4025 onta
267 3949 523 4028 consummatio
550 3950 765 4028 matrimonii
792 3949 934 4056 probari
963 3951 1084 4047 debet,
1106 3977 1209 4031 nemo
1237 3951 1319 4029 inii·

156 4071 285 4166 oiatur,
318 4071 410 4150 hano
446 4072 824 4154 intonsummationem
860 4075 1141 4154 innutantissime
1178 4073 1318 4154 ostendi

158 4193 287 4271 debere
299 4195 505 4300 (Pignatelii
521 4195 659 4276 locuit.
670 4223 731 4276 aa.
747 4199 909 4302 itt-iim
926 4199 1010 4304 quia
1025 4200 1171 4304 quando
1189 4201 1324 4280 initum·

159 4333 213 4398 est
240 4319 517 4416 matrimonium,
557 4321 734 4426 praesumi
767 4321 874 4402 debet
902 4347 964 4428 pro
996 4325 1312 4420 consummatione,

159 4453 194 4520 et
222 4441 322 4522 nulia
355 4443 522 4548 oompetit
540 4447 658 4549 Papae
676 4441 828 4524 saunitas
859 4445 1090 4552 dispensandi
1112 4472 1220 4552 super
1248 4473 1325 4528 ma·
