3456 5300
699 478 854 541 ..79-

201 615 319 680 sectae
346 628 390 681 ex
418 605 710 709 protestantismo
748 617 890 698 enatae,
922 617 1029 708 prout
1056 615 1142 680 sunt
1178 600 1365 696 sociniani‚
1475 653 1479 660 -

201 729 363 824 unitarii,
395 729 542 833 aliique,
567 729 636 806 ima
655 731 692 806 in
711 727 928 833 quibusdam
946 727 1032 807 locis
1060 727 1129 832 ipsi
1149 726 1258 804 etiarn
1285 751 1368 830 pro-

201 864 388 948 testantes
419 880 572 958 quornm
600 853 798 960 baptismus
832 868 895 933 aut
923 852 1055 932 dubius
1083 865 1145 930 aut
1187 851 1368 930 invalidus
1406 871 1413 885 “

200 991 267 1074 est,
291 979 336 1056 ad
364 982 628 1084 quaestionem:
660 985 714 1060 dn
733 979 941 1058 calvinistae
969 990 1005 1056 et
1024 977 1206 1057 lutherani
1235 977 1364 1055 inillis

200 1101 363 1206 partibus
392 1103 576 1208 degentes,
600 1130 750 1210 quorum
772 1103 949 1209 baptisma
969 1101 1117 1182 dubium
1137 1117 1200 1182 aut
1219 1127 1369 1208 suspec-

201 1238 275 1304 tum
311 1241 380 1321 est,
412 1229 574 1309 infideles
611 1227 767 1308 habendi
805 1229 877 1308 sint
914 1230 980 1322 ita,
1016 1240 1057 1306 ut
1095 1227 1187 1306 inter
1229 1253 1290 1306 eos
1332 1240 1368 1306 et

198 1349 391 1430 catholicos
405 1349 627 1458 disparitatis
642 1353 761 1432 cultus
771 1351 1063 1458 impedimentum
1078 1349 1248 1430 dirimens
1262 1349 1368 1429 ades-
1421 1447 1427 1458 Ι

200 1501 236 1552 se
265 1479 478 1556 censeaturl
508 1478 609 1556 Faria
640 1485 661 1555 l
691 1477 748 1556 dio
779 1486 824 1555 17
856 1477 1057 1556 novembris
1080 1485 1180 1555 1830
1210 1476 1247 1554 in
1275 1481 1367 1556 Con-

201 1600 405 1702 gregaiione
434 1601 591 1704 generali
620 1605 656 1680 S.
690 1605 735 1678 ll.
759 1605 804 1680 U.
836 1601 1086 1706 inquisitionis
1105 1601 1286 1706 proposito
1305 1629 1369 1680 su-

201 1749 263 1828 pra
292 1726 423 1831 scripto
451 1725 575 1821 dubio,
616 1725 797 1806 decretum
825 1739 903 1805 est:
935 1727 976 1830 a)
1004 1724 1127 1814 Quoad
1169 1725 1367 1806 haereticos

200 1874 351 1954 quorum
393 1865 511 1930 sectae
540 1851 698 1930 Ritualia
741 1850 990 1955 praescribunt
1023 1850 1247 1930 collationem
1276 1851 1366 1957 bap-

200 1977 294 2056 tismi
322 1979 458 2084 absque
486 1980 686 2059 necessario
716 2005 783 2058 usu
815 1978 984 2058 materiae
1012 1993 1049 2057 et
1077 1977 1209 2058 lorinae
1242 2005 1365 2059 essen-

201 2103 310 2198 tialis,
341 2104 449 2184 debet
477 2105 676 2184 examinari
705 2131 809 2184 casus
851 2103 1092 2209 particularis.
1121 2147 1144 2162 -
1164 2103 1203 2207 d)
1243 2103 1366 2196 Quoad

199 2225 278 2304 illos
305 2228 367 2332 qui
395 2231 633 2310 iuxtaeorum
663 2229 821 2310 Ritualia
843 2227 1028 2334 baptizant
1055 2227 1186 2322 valide,
1205 2227 1362 2308 validum

200 2353 417 2433 censendum
436 2367 491 2433 est
510 2355 700 2460 baptisma.
733 2352 832 2444 Ouod
853 2354 884 2432 si
904 2354 1052 2432 dubium
1066 2355 1237 2459 persistat
1257 2355 1363 2432 etiam

202 2477 237 2554 in
250 2480 364 2582 primo
383 2504 483 2575 casu,
502 2479 719 2558 censendum
738 2493 792 2558 est
811 2477 969 2556 validum
988 2477 1165 2584 baptisma
1186 2482 1223 2556 in
1242 2477 1366 2558 ordine

201 2601 245 2680 ad
273 2602 495 2682 validitatem
522 2604 738 2683 matrimonii
768 2601 841 2708 (1).
865 2647 888 2660 -
909 2604 943 2708 c)
972 2603 1008 2682 Si
1036 2617 1156 2682 antem
1184 2615 1280 2681 certe
1308 2627 1368 2698 ao-

202 2741 392 2828 gnoscatur
419 2729 557 2808 nullum
585 2729 761 2835 baptisma
790 2755 833 2808 ex
861 2729 1120 2808 consuetudine
1162 2729 1294 2807 actuali
1324 2729 1368 2806 il-

202 2850 269 2930 lius
297 2867 430 2947 sectae,
463 2854 601 2932 nullum
629 2869 684 2933 est
712 2853 975 2932 matrimonium
998 2883 1017 2928 a
1040 2853 1114 2956 (ἢ).

271 2989 309 3058 9.
343 2981 564 3060 Secundum:
596 2983 791 3060 Diversitas
819 2979 1000 3081 religionis
1028 2982 1121 3058 inter
1152 2979 1362 3084 baptizatos,

201 3129 263 3184 seu
291 3105 492 3212 impropria
520 3105 635 3185 cultus
663 3105 876 3210 disparitas,
910 3130 981 3182 non
1009 3104 1198 3184 constituit
1216 3105 1368 3209 impedi-

201 3243 359 3308 mentum
387 3231 557 3310 dirimens
585 3231 599 3330 (
629 3230 659 3334 ).

203 3516 327 3586 positum
346 3515 508 3580 redeuntes,
528 3520 704 3585 compertum
725 3513 840 3578 habeas,
857 3511 934 3584 qnod
949 3519 1100 3584 postquam
1111 3511 1215 3570 muller
1225 3511 1366 3572 haeresim

204 3619 281 3662 more
295 3605 378 3662 solito
389 3604 420 3661 in
434 3603 535 3662 idoneo
554 3601 692 3660 tribunati
712 3602 882 3668 eiuraverit;
898 3607 931 3659 tu
942 3615 1011 3660 vero
1026 3601 1182 3660 hebraeum
1203 3615 1283 3659 sacro
1297 3603 1364 3674 bap·

203 3695 314 3752 tismate
333 3693 502 3759 initiaveris,
523 3693 597 3748 inter
616 3691 681 3747 illos
700 3704 795 3747 coram
810 3691 934 3762 parocho
953 3692 1168 3748 matrimonium
1193 3692 1245 3748 erit
1264 3693 1367 3750 iteran-

204 3785 282 3852 dum,
300 3801 316 3842 a
335 3783 461 3842 Concilio
479 3781 644 3839 Tridentino
665 3781 838 3852 praescripta
860 3780 950 3837 torma
970 3787 1098 3846 servata;
1119 3795 1210 3852 quum
1232 3782 1366 3853 baptismi

204 3881 413 3933 sacramentum
434 3873 470 3930 sit
488 3873 575 3930 ianua
594 3877 754 3928 ceterorum
770 3891 795 3924 a.

271 3961 312 4035 (1)
331 3964 360 4020 si
379 3961 451 4020 torte
470 3961 612 4032 baptisma
631 3960 728 4030 reipsa
753 3958 884 4016 validum
911 3967 969 4015 non
988 3959 1122 4026 extiterit,
1150 3959 1318 4030 dispensare
1335 3959 1365 4016 in

204 4054 250 4111 tati
270 4053 359 4112 dubio
378 4051 501 4109 Ecclesia
520 4053 651 4107 censetur
670 4047 705 4104 ah
725 4047 930 4118 impedimento
956 4046 1131 4118 disparitatis
1150 4047 1256 4119 cultus,
1276 4054 1309 4106 ut
1327 4061 1363 4105 ex

205 4144 256 4200 troc
273 4143 386 4201 decreto
406 4147 491 4213 patet.

273 4231 313 4304 (a)
330 4231 378 4288 cir
401 4227 636 4301 Pupp—Saittgvt:
657 4225 853 4284 deramatam
877 4225 959 4282 iuris
977 4225 1117 4284 Ecclesiae
1144 4227 1301 4284 orientattr
1320 4241 1366 4283 ca·

208 4322 336 4386 cautuae,
357 4325 439 4392 part.
459 4323 487 4374 t.
506 4316 536 4388 S.
557 4322 618 4374 tat.

272 4406 316 4482 (3)
335 4411 366 4464 Ι).
386 4407 507 4464 Thomas
525 4404 560 4462 io
578 4411 604 4460 t.
623 4403 883 4462 reomatdiatiact.
894 4409 941 4461 39.
953 4409 1062 4477 qoaart.
1084 4409 1108 4460 t.
1122 4409 1214 4461 arta.
1230 4403 1367 4476 adquia-

209 4504 277 4564 tram,
300 4498 402 4556 citatas
422 4511 436 4553 a
457 4495 607 4552 &nodato
624 4495 695 4561 xlv,
718 4495 755 4550 De
783 4493 896 4563 synodo
919 4491 970 4549 uu
992 4499 1018 4547 a.
1039 4507 1102 4564 cap.
1123 4499 1150 4548 a.
1173 4509 1203 4548 a.
1226 4498 1250 4548 t.
