3446 5298
353 531 441 636 quid
469 531 546 636 ipsa
574 529 749 608 catholica
777 529 934 610 Ecclesia
962 529 1006 610 de
1025 529 1229 610 huiusmodi
1257 530 1451 610 catholicos
1466 533 1523 610 in-

353 669 408 734 ter
437 670 473 735 et
502 655 718 752 acatholicos
745 655 883 760 nuptiis
910 667 1116 734 constanter
1143 655 1310 750 senserit,
1333 680 1414 734 cum
1441 655 1523 734 illas

354 805 493 885 semper
512 778 781 884 improbaverit,
804 803 845 856 ac
866 793 1046 882 tamquam
1066 779 1222 874 illicitas,
1241 779 1420 885 planeque
1439 804 1523 885 per-

353 904 506 982 niciosas
534 903 717 998 habuerit,
750 915 826 980 tum
855 903 899 980 ob
927 903 1138 1003 flagitiosam
1157 905 1196 980 iu
1213 903 1346 982 divinis
1364 927 1524 981 commu-

355 1030 512 1122 nionem,
544 1039 621 1106 tum
639 1025 684 1106 ob
704 1025 913 1130 impendens
928 1025 1102 1106 catholico
1121 1027 1263 1130 coniugi
1283 1025 1524 1132 perversioris

356 1150 569 1254 periculum,
602 1163 676 1229 tum
705 1147 750 1228 cb
778 1174 923 1253 pravam
951 1149 1083 1228 sobolis
1108 1149 1384 1230 institutionem.
1406 1153 1523 1252 Atque

357 1271 427 1352 huc
455 1271 599 1350 omnino
627 1273 810 1377 pertinent
846 1273 1086 1378 antiquissimi
1118 1279 1278 1352 Cannues
1306 1273 1384 1378 ipsa
1411 1273 1523 1350 mixta

357 1396 535 1476 connubia
562 1420 684 1476 severe
712 1395 981 1492 interdicentes
1003 1423 1045 1475 66
1072 1397 1288 1476 recentiores
1306 1421 1523 1476 summorum

356 1520 567 1600 Pontificum
603 1520 820 1614 sanctiones,
852 1519 896 1600 de
928 1520 1061 1625 quibus
1093 1520 1299 1599 immortalis
1336 1522 1524 1600 memoriae

355 1644 571 1724 Benedictus
598 1648 677 1722 XIV
705 1643 864 1749 loquitur
897 1643 934 1722 in
970 1645 1046 1723 suis
1082 1645 1270 1750 encyclicis
1308 1645 1439 1723 litteris
1476 1645 1524 1722 ad

357 1770 523 1848 Polouiae
552 1768 667 1870 Regni
696 1767 902 1872 Episcopus,
934 1781 1043 1873 atque
1071 1768 1108 1847 in
1135 1767 1365 1847 celeberrimo
1401 1793 1522 1874 opere,

357 1891 453 1998 quod
482 1891 525 1970 de
555 1891 697 1997 Synodo
725 1890 935 1970 dioecesana
963 1891 1184 1970 inscribitur.
1207 1893 1300 1969 Hinc
1318 1916 1423 1996 porro
1441 1915 1526 1969 eve-

358 2015 427 2109 nit,
458 2029 500 2092 61
538 2014 627 2094 haec
655 2014 847 2120 apostolica
883 2013 1006 2109 Sedes,
1038 2013 1218 2119 adquam
1256 2014 1360 2093 unica
1388 2025 1528 2118 spectat

359 2150 520 2244 potestas
547 2137 780 2242 dispensandi
809 2163 916 2243 super
944 2135 1149 2216 huiusmodi
1174 2137 1307 2216 mixtae
1327 2135 1527 2239 Religionis

350 2259 629 2366 impedimento,
652 2261 682 2338 si
698 2260 742 2338 de
762 2265 942 2340 Canouum
957 2262 1148 2340 severitate
1163 2261 1299 2366 aliquid
1320 2261 1521 2352 remittens,

359 2387 470 2465 mixta
499 2386 588 2464 haec
615 2386 780 2488 coniugia
807 2387 1023 2491 quandoque
1050 2386 1265 2491 permiserit,
1288 2386 1323 2464 id
1353 2382 1525 2488 gravibus

361 2510 548 2590 dumtaxat
576 2509 620 2588 de
648 2510 766 2588 causis
785 2535 891 2613 aegre
910 2509 1099 2590 admodum
1119 2509 1216 2603 lecit,
1239 2523 1274 2590 61
1295 2509 1436 2588 nonnisi
1455 2507 1525 2586 sub

360 2659 530 2739 expressa
558 2659 697 2740 semper
724 2635 926 2714 conditione
945 2635 989 2714 de
1008 2633 1278 2740 praemittendis
1296 2633 1522 2726 necessariis,

360 2757 642 2863 opportunisque
670 2757 911 2852 cautionibus,
943 2773 984 2837 ut
1013 2757 1147 2836 scilicet
1166 2782 1237 2836 non
1258 2757 1372 2836 solum
1401 2756 1526 2835 catho-

359 2881 451 2960 licus
479 2881 609 2959 coniux
637 2881 683 2959 ab
711 2881 1325 2985 6661161166666666116666666661,
1348 2881 1526 2985 quinimo

360 3003 558 3082 catholicus
586 3004 661 3108 ipse
693 3004 824 3083 coniux
861 3006 975 3084 teneri
1004 3030 1041 3083 se
1068 3005 1176 3084 sciret
1204 3004 1249 3082 ad
1286 3004 1526 3083 acatholicum

360 3151 425 3231 pro
445 3127 583 3206 viribus
603 3127 648 3206 ab
667 3153 786 3207 errore
805 3128 1073 3222 retrahendum,
1097 3132 1360 3223 verumetiam,
1382 3129 1527 3208 61661-

361 3273 463 3328 versa
491 3252 680 3355 utriusque
708 3277 816 3330 sexus
835 3251 952 3356 proles
970 3277 1014 3330 ex
1033 3237 1156 3332 mixtis
1175 3253 1272 3332 hisce
1291 3254 1526 3332 matrimoniis

360 3373 579 3476 procreanda
611 3377 649 3452 in
681 3377 873 3454 sanctitate
904 3375 1100 3456 catholicae
1133 3376 1330 3480 Religionis
1372 3375 1518 3455 educari

361 3497 505 3576 omnino
532 3497 691 3578 deberet.
715 3503 812 3588 0666
839 3498 983 3602 quidem
1011 3501 1195 3580 cautiones
1214 3501 1347 3580 remitti
1366 3525 1430 3579 seu
1450 3501 1525 3579 dis-

359 3625 502 3727 pensari
533 3648 715 3726 uunquam
736 3637 899 3728 possunt,
922 3648 1001 3702 curn
1021 3627 1058 3702 in
1074 3624 1151 3729 ipsa
1169 3625 1326 3704 naturali
1342 3651 1383 3702 ac
1402 3625 1523 3702 diviua

361 3747 437 3850 lege
478 3744 686 3841 fundentur,
726 3773 833 3851 quam
873 3747 1029 3826 Ecclesia
1062 3763 1098 3828 et
1131 3748 1218 3828 haec
1255 3760 1378 3826 sancta
1416 3747 1525 3826 Sedes

359 3883 492 3948 sartam
521 3883 721 3974 tectamque
750 3871 843 3948 tueri
871 3871 965 3950 omui
994 3870 1113 3950 studio
1142 3868 1339 3964 contendit,
1362 3881 1397 3950 61
1434 3895 1520 3948 666-

359 4004 415 4071 166
443 4018 550 4096 quam
579 3993 656 4072 sine
686 3994 757 4072 6116
786 3993 896 4071 dubio
924 3995 1131 4096 gravissime
1160 4008 1321 4100 peccant,
1353 3996 1415 4098 qui
1444 4021 1527 4100 pro-

358 4115 503 4194 miscuis
532 4117 628 4194 hisce
656 4117 792 4221 nuptiis
821 4130 952 4196 temere
980 4119 1232 4198 contrahendis
1260 4144 1298 4197 se
1327 4143 1369 4196 ac
1387 4119 1524 4224 prolem

359 4239 488 4318 exinde
521 4240 783 4345 suscipiendam
816 4243 1052 4346 perversionis
1088 4242 1245 4347 periculo
1277 4244 1518 4322 committunt.

359 4369 513 4468 Insuper
534 4365 571 4442 in
591 4362 791 4443 tribuendis
810 4363 1014 4444 huiusmodi
1033 4363 1359 4470 dispensationibus
1380 4381 1523 4472 praeter
