3444 5302
680 499 717 514 ..
740 468 778 530 {5
803 503 834 510 ...

180 613 261 668 curn
280 615 322 670 ca
341 603 468 698 sponte
496 589 640 670 domum
668 615 709 670 ae
738 605 854 670 torum
872 588 1006 668 haheat
1029 611 1250 668 communem
1270 583 1345 688 (1).

180 715 237 792 Ita
265 739 348 794 vero
375 739 467 794 novo
495 713 613 794 elicito
642 713 687 792 ad
715 712 979 794 matrimonium
1002 735 1194 804 consensu,
1225 734 1349 788 serva-

180 837 299 942 iisque
318 839 362 918 de
382 838 459 918 iure
488 837 675 918 servandis
702 839 777 946 (2),
809 839 840 918 si
860 836 1035 916 occultum
1054 835 1347 942 impedimentum

179 963 312 1058 extitit,
335 987 480 1044 necesse
500 989 570 1043 non
589 963 659 1044 erit
677 989 802 1043 rursus
821 989 938 1042 coram
958 961 1112 1068 parocho
1135 985 1346 1040 consensum

180 1111 351 1166 renovare
378 1111 423 1166 er
451 1088 627 1166 communi
660 1085 850 1181 doctrina,
885 1111 993 1192 quam
1022 1084 1238 1164 Benedictus
1265 1087 1346 1162 XIV

178 1208 344 1314 pluribus
371 1209 556 1290 confirmat
585 1207 660 1316 (3),
692 1209 754 1290 sed
784 1223 840 1290 sat
867 1211 936 1288 erit
963 1208 994 1286 si
1022 1207 1111 1286 ciam
1140 1206 1235 1286 inter
1261 1231 1347 1286 oon-

178 1333 364 1413 trahcntes
397 1335 527 1412 iterum
558 1332 736 1414 eliciatur.
765 1379 790 1393 -
817 1337 927 1414 Seens
955 1333 985 1412 si
1020 1329 1203 1436 pubiicum
1231 1331 1347 1411 evasit

179 1455 484 1560 impedimentum.

259 1589 297 1658 6.
329 1585 493 1659 Ceterum
523 1605 640 1659 «oum
667 1580 820 1659 maxime
848 1579 1022 1657 nefarium
1051 1577 1098 1656 sit
1126 1577 1345 1656 matrimonii

180 1703 423 1784 «libertatem
453 1703 604 1800 violare,
636 1717 673 1784 et
700 1703 747 1782 ah
775 1703 827 1782 eis
855 1701 1007 1782 iniurias
1035 1702 1134 1780 nasci
1163 1728 1183 1780 a
1212 1701 1346 1807 quihus

180 1857 198 1900 a
221 1827 300 1906 iura
319 1839 570 1932 expectantur,
593 1828 767 1932 praecipit
785 1823 1089 1933 sanctasynodus
1106 1823 1344 1928 (tridentina)

181 1981 197 2022 ‹
220 1947 386 2028 omnibus
414 1949 669 2056 cuiuscumque
689 1949 836 2054 gradec,
867 1948 1054 2052 dignitatis
1077 1961 1113 2026 et
1132 1948 1346 2028 conditionis

181 2073 393 2168 «existant,
424 2072 492 2152 suh
520 2073 760 2152 anathematis
788 2097 901 2180 poena
929 2097 1037 2176 quam
1065 2072 1143 2177 ipso
1167 2071 1260 2151 iacto
1288 2073 1345 2148 in-

180 2225 198 2266 «
221 2209 382 2289 currant,
414 2221 459 2275 ne
477 2195 605 2302 quovis
631 2194 736 2276 modo
755 2195 889 2275 directe
908 2195 965 2274 vei
990 2194 1162 2275 indirecte
1182 2195 1346 2274 subditos

180 2341 305 2395 «snos
332 2318 388 2396 vei
416 2343 660 2425 quoscumque
697 2319 785 2398 alios
821 2331 977 2423 cogant,
1016 2319 1208 2424 quominus
1235 2317 1345 2398 libere

180 2471 197 2512 ‹
220 2439 444 2520 matrimonia
472 2443 723 2523 contrahant»
756 2442 829 2549 (t).
848 2487 872 2502 -
893 2447 946 2521 Ex
974 2467 1046 2547 quo
1075 2441 1217 2522 decreto
1234 2467 1347 2547 quae-

177 2563 258 2643 dam
286 2565 379 2645 scitu
408 2567 609 2648 necessaria
636 2567 928 2648 animadvertunt
955 2567 1115 2646 Sanehez
1142 2567 1217 2674 (5),
1248 2572 1344 2646 Leu-

180 2691 301 2769 renins
330 2689 389 2796 (6)
418 2690 565 2796 aliique.

247 2969 358 3042 (licit.
379 2985 442 3042 cap.
462 2971 554 3028 adid
573 2975 616 3038 ai,
639 2971 673 3028 da
689 2971 817 3043 apouaoi.
837 2979 863 3028 ct
882 2973 1087 3030 matrimonio.
1177 3039 1181 3048 ¹

248 3059 281 3130 (2)
300 3059 348 3118 Cir
365 3059 507 3116 Benedicti
528 3062 587 3116 iiiv
607 3060 700 3118 instit.
720 3061 766 3127 87,
785 3075 816 3115 o.
836 3061 872 3116 ⁵9
889 3067 915 3117 ct
933 3075 1008 3133 seqq.

242 3148 279 3221 (3)
298 3149 350 3206 Cit.
370 3151 440 3205 inst.
459 3150 505 3216 87,
526 3164 575 3206 nn.
595 3149 688 3218 tto-63,
707 3149 756 3206 uhi
772 3149 953 3221 distinguens
972 3149 1085 3206 occulta
1104 3165 1123 3205 o
1140 3147 1270 3222 puhlicis
1291 3149 1344 3204 im-

175 3235 356 3308 pedimentis,
378 3237 493 3294 scribit:
515 3258 529 3288 «
550 3238 579 3294 Si
600 3238 816 3295 matrimonium
838 3237 952 3310 pontico
971 3237 1074 3295 initum
1108 3245 1151 3292 est
1169 3251 1266 3292 coram
1296 3251 1342 3309 pa-

176 3349 191 3379 «
211 3330 298 3386 rocho
317 3336 344 3387 et
362 3330 474 3387 dnobus
493 3330 623 3398 testibus,
643 3339 671 3388 et
689 3331 926 3402 impedimentum
947 3343 1064 3402 quoque
1080 3329 1195 3403 publice
1213 3330 1344 3388 innotue-

177 3439 192 3468 α
213 3419 260 3487 rit,
280 3417 356 3476 idem
376 3421 592 3478 matrimonium
607 3421 659 3477 rite
672 3420 836 3477 confirmari
857 3419 965 3492 nequit,
986 3419 1042 3477 nisi
1062 3433 1221 3478 consensus
1241 3421 1343 3478 iterum

176 3527 191 3557 ι
211 3519 307 3562 coram
333 3507 457 3578 parocho
481 3515 508 3564 et
534 3507 647 3566 duobus
672 3507 791 3564 testibus
819 3509 998 3579 praebeatur.
1026 3509 1129 3565 Contra
1155 3521 1224 3564 vero
1248 3515 1291 3563 est
1321 3508 1346 3564 si

175 3615 189 3644 «
210 3595 427 3654 matrimonium
450 3597 624 3654 celebratum
644 3595 700 3654 init
721 3610 817 3654 eoram
839 3597 963 3667 parocho
982 3604 1009 3653 ot
1027 3595 1142 3653 duobus
1162 3597 1297 3662 testibus,
1317 3601 1346 3652 et

175 3702 190 3730 κ
211 3681 448 3753 impedimentum
469 3685 607 3742 dirimens
626 3685 770 3744 occuitum
794 3691 935 3742 serretur.
960 3687 1040 3742 iuno
1065 3698 1158 3742 novus
1185 3698 1345 3742 consensus

176 3791 190 3821 c
211 3779 286 3828 certe
304 3773 493 3842 praestandus
506 3783 557 3842 est,
573 3773 622 3830 sed
640 3774 717 3832 olom
743 3774 818 3830 inter
836 3773 1047 3841 contrahentes,
1072 3787 1125 3830 neo
1150 3771 1277 3844 amplius
1296 3787 1344 3844 pa-

177 3879 192 3908 «
211 3859 316 3916 rochus
335 3860 450 3932 duoque
469 3869 554 3918 testes
574 3861 775 3933 requiruntur.
805 3863 880 3918 liaeo
906 3861 943 3918 ita
969 3861 1097 3918 decrevit
1125 3861 1344 3933 poenitentiario

176 3967 191 3995 <c
211 3949 240 4003 S.
260 3949 302 4004 Pii
321 3950 490 4006 auctoritate
509 3955 561 4007 eto.
584 3970 599 4000 »

245 4037 280 4109 (4)
300 4037 426 4095 trident.
445 4053 510 4095 scas.
530 4045 574 4095 24.
594 4053 658 4110 cup
679 4045 705 4096 9.
725 4039 759 4094 dc
776 4039 929 4112 reformet.
951 4037 1153 4096 matrimonii.

243 4125 279 4198 (5)
299 4128 434 4184 Sanehez.
455 4131 492 4184 De
510 4129 646 4185 matrim.
667 4127 719 4184 tit.
740 4133 766 4184 i.
787 4128 864 4200 disp.
885 4131 928 4184 tt.
949 4143 1002 4184 on.
1022 4127 1078 4183 8-9.

243 4215 281 4288 (6)
301 4217 474 4273 Leureoins:
498 4219 607 4274 i'orttm
625 4215 776 4273 terminet.
797 4215 848 4272 tio.
871 4221 897 4271 t.
917 4215 965 4273 tit.
987 4219 1011 4270 i.
1032 4221 1145 4288 quaest.
1168 4222 1212 4272 97.
