<?xml version="1.0" encoding="UTF-8"?>
<!DOCTYPE html PUBLIC "-//W3C//DTD XHTML 1.0 Transitional//EN"
    "http://www.w3.org/TR/xhtml1/DTD/xhtml1-transitional.dtd">
<html xmlns="http://www.w3.org/1999/xhtml" xml:lang="en" lang="en">
 <head>
  <title>
</title>
<meta http-equiv="Content-Type" content="text/html;charset=utf-8" />
  <meta name='ocr-system' content='tesseract 3.04.00' />
  <meta name='ocr-capabilities' content='ocr_page ocr_carea ocr_par ocr_line ocrx_word'/>
</head>
<body>
  <div class='ocr_page' id='page_1' title='image "./deimpedimentism00mansgoog_0422.png"; bbox 0 0 3446 5298; ppageno 0'>
   <div class='ocr_carea' id='block_1_1' title="bbox 170 373 1353 3548">
    <p class='ocr_par' dir='ltr' id='par_1_1' title="bbox 682 373 859 508">
     <span class='ocr_line' id='line_1_1' title="bbox 736 373 761 414; baseline 0 -14"><span class='ocrx_word' id='word_1_1' title='bbox 736 373 761 414; x_wconf 59' lang='grc'><strong>,.</strong></span> 
     </span>
     <span class='ocr_line' id='line_1_2' title="bbox 682 443 859 508; baseline 0 -16"><span class='ocrx_word' id='word_1_2' title='bbox 682 475 721 492; x_wconf 93' lang='grc'><strong>..</strong></span> <span class='ocrx_word' id='word_1_3' title='bbox 741 443 859 508; x_wconf 70' lang='lat'>403·-</span> 
     </span>
    </p>

    <p class='ocr_par' dir='ltr' id='par_1_2' title="bbox 176 568 1353 1916">
     <span class='ocr_line' id='line_1_3' title="bbox 184 568 1353 676; baseline -0.001 -28"><span class='ocrx_word' id='word_1_4' title='bbox 184 568 376 672; x_wconf 86' lang='lat' dir='ltr'><strong>gravitate.</strong></span> <span class='ocrx_word' id='word_1_5' title='bbox 408 573 635 676; x_wconf 90' lang='lat' dir='ltr'><strong>Summopere</strong></span> <span class='ocrx_word' id='word_1_6' title='bbox 664 583 785 650; x_wconf 87' lang='lat' dir='ltr'><strong>autem</strong></span> <span class='ocrx_word' id='word_1_7' title='bbox 812 583 959 676; x_wconf 85' lang='lat' dir='ltr'><strong>exoptat</strong></span> <span class='ocrx_word' id='word_1_8' title='bbox 992 569 1172 647; x_wconf 75' lang='lat' dir='ltr'><strong>Sanctitas</strong></span> <span class='ocrx_word' id='word_1_9' title='bbox 1213 574 1284 647; x_wconf 90' lang='lat' dir='ltr'><strong>Sua</strong></span> <span class='ocrx_word' id='word_1_10' title='bbox 1311 581 1353 648; x_wconf 93' lang='lat' dir='ltr'><strong>ut</strong></span> 
     </span>
     <span class='ocr_line' id='line_1_4' title="bbox 184 691 1351 796; baseline 0.003 -28"><span class='ocrx_word' id='word_1_11' title='bbox 184 692 291 772; x_wconf 93' lang='lat' dir='ltr'><strong>iidem</strong></span> <span class='ocrx_word' id='word_1_12' title='bbox 321 697 508 772; x_wconf 78' lang='lat' dir='ltr'><strong>Sacrorum</strong></span> <span class='ocrx_word' id='word_1_13' title='bbox 537 694 725 773; x_wconf 75' lang='lat' dir='ltr'><strong>Antistites</strong></span> <span class='ocrx_word' id='word_1_14' title='bbox 754 693 958 772; x_wconf 93' lang='lat' dir='ltr'><strong>huiusmodi</strong></span> <span class='ocrx_word' id='word_1_15' title='bbox 987 691 1261 796; x_wconf 80' lang='lat' dir='ltr'><strong>indulgentiam,</strong></span> <span class='ocrx_word' id='word_1_16' title='bbox 1289 719 1351 772; x_wconf 91' lang='lat' dir='ltr'><strong>seu</strong></span> 
     </span>
     <span class='ocr_line' id='line_1_5' title="bbox 181 815 1352 921; baseline 0.002 -27"><span class='ocrx_word' id='word_1_17' title='bbox 181 815 305 921; x_wconf 88' lang='lat' dir='ltr'><strong>potius</strong></span> <span class='ocrx_word' id='word_1_18' title='bbox 332 816 559 895; x_wconf 84' lang='lat' dir='ltr'><strong>tolerantiam</strong></span> <span class='ocrx_word' id='word_1_19' title='bbox 587 843 708 896; x_wconf 91' lang='lat' dir='ltr'><strong>eorum</strong></span> <span class='ocrx_word' id='word_1_20' title='bbox 728 817 877 896; x_wconf 87' lang='lat' dir='ltr'><strong>arbitrio</strong></span> <span class='ocrx_word' id='word_1_21' title='bbox 896 829 931 895; x_wconf 93' lang='lat' dir='ltr'><strong>et</strong></span> <span class='ocrx_word' id='word_1_22' title='bbox 950 816 1190 896; x_wconf 84' lang='lat' dir='ltr'><strong>conscientiae</strong></span> <span class='ocrx_word' id='word_1_23' title='bbox 1209 816 1352 896; x_wconf 94' lang='lat' dir='ltr'><strong>omnino</strong></span> 
     </span>
     <span class='ocr_line' id='line_1_6' title="bbox 180 941 1352 1048; baseline 0.002 -30"><span class='ocrx_word' id='word_1_24' title='bbox 180 941 419 1036; x_wconf 89' lang='lat' dir='ltr'><strong>commissam,</strong></span> <span class='ocrx_word' id='word_1_25' title='bbox 443 942 581 1038; x_wconf 90' lang='lat' dir='ltr'><strong>maiori,</strong></span> <span class='ocrx_word' id='word_1_26' title='bbox 603 969 675 1047; x_wconf 91' lang='lat' dir='ltr'><strong>quo</strong></span> <span class='ocrx_word' id='word_1_27' title='bbox 704 942 780 1022; x_wconf 87' lang='lat' dir='ltr'><strong>fieri</strong></span> <span class='ocrx_word' id='word_1_28' title='bbox 809 957 942 1048; x_wconf 88' lang='lat' dir='ltr'><strong>potest,</strong></span> <span class='ocrx_word' id='word_1_29' title='bbox 966 941 1108 1020; x_wconf 87' lang='lat' dir='ltr'><strong>silentio</strong></span> <span class='ocrx_word' id='word_1_30' title='bbox 1138 943 1183 1019; x_wconf 86' lang='lat' dir='ltr'><strong>ao</strong></span> <span class='ocrx_word' id='word_1_31' title='bbox 1214 953 1352 1020; x_wconf 86' lang='lat' dir='ltr'><strong>secreto</strong></span> 
     </span>
     <span class='ocr_line' id='line_1_7' title="bbox 180 1065 1351 1174; baseline 0.003 -32"><span class='ocrx_word' id='word_1_32' title='bbox 180 1077 341 1146; x_wconf 89' lang='lat' dir='ltr'><strong>servent.</strong></span> <span class='ocrx_word' id='word_1_33' title='bbox 374 1070 460 1144; x_wconf 87' lang='lat' dir='ltr'><strong>Cum</strong></span> <span class='ocrx_word' id='word_1_34' title='bbox 489 1093 572 1146; x_wconf 89' lang='lat' dir='ltr'><strong>vero</strong></span> <span class='ocrx_word' id='word_1_35' title='bbox 600 1067 807 1171; x_wconf 89' lang='lat' dir='ltr'><strong>contingere</strong></span> <span class='ocrx_word' id='word_1_36' title='bbox 826 1068 954 1174; x_wconf 90' lang='lat' dir='ltr'><strong>possit,</strong></span> <span class='ocrx_word' id='word_1_37' title='bbox 972 1082 1013 1146; x_wconf 91' lang='lat' dir='ltr'><strong>ut</strong></span> <span class='ocrx_word' id='word_1_38' title='bbox 1034 1065 1140 1145; x_wconf 91' lang='lat' dir='ltr'><strong>iidem</strong></span> <span class='ocrx_word' id='word_1_39' title='bbox 1160 1067 1351 1146; x_wconf 76' lang='lat' dir='ltr'><strong>Antistites</strong></span> 
     </span>
     <span class='ocr_line' id='line_1_8' title="bbox 180 1188 1352 1297; baseline 0.003 -32"><span class='ocrx_word' id='word_1_40' title='bbox 180 1188 339 1266; x_wconf 92' lang='lat' dir='ltr'><strong>nondum</strong></span> <span class='ocrx_word' id='word_1_41' title='bbox 356 1188 489 1268; x_wconf 87' lang='lat' dir='ltr'><strong>luerint</strong></span> <span class='ocrx_word' id='word_1_42' title='bbox 499 1189 671 1296; x_wconf 82' lang='lat' dir='ltr'><strong>exequuti</strong></span> <span class='ocrx_word' id='word_1_43' title='bbox 691 1191 751 1269; x_wconf 93' lang='lat' dir='ltr'><strong>illa</strong></span> <span class='ocrx_word' id='word_1_44' title='bbox 771 1189 938 1269; x_wconf 89' lang='lat' dir='ltr'><strong>similium</strong></span> <span class='ocrx_word' id='word_1_45' title='bbox 958 1191 1266 1297; x_wconf 82' lang='lat' dir='ltr'><strong>dispensationum</strong></span> <span class='ocrx_word' id='word_1_46' title='bbox 1279 1193 1352 1268; x_wconf 90' lang='lat' dir='ltr'><strong>Re-</strong></span> 
     </span>
     <span class='ocr_line' id='line_1_9' title="bbox 179 1310 1349 1420; baseline 0.002 -32"><span class='ocrx_word' id='word_1_47' title='bbox 179 1312 330 1418; x_wconf 78' lang='lat' dir='ltr'><strong>scripta,</strong></span> <span class='ocrx_word' id='word_1_48' title='bbox 351 1310 462 1418; x_wconf 88' lang='lat' dir='ltr'><strong>&#39;quae</strong></span> <span class='ocrx_word' id='word_1_49' title='bbox 491 1314 579 1420; x_wconf 91' lang='lat' dir='ltr'><strong>ipsis</strong></span> <span class='ocrx_word' id='word_1_50' title='bbox 612 1329 696 1394; x_wconf 86' lang='lat' dir='ltr'><strong>ante</strong></span> <span class='ocrx_word' id='word_1_51' title='bbox 736 1315 829 1392; x_wconf 91' lang='lat' dir='ltr'><strong>hanc</strong></span> <span class='ocrx_word' id='word_1_52' title='bbox 866 1315 1145 1393; x_wconf 90' lang='lat' dir='ltr'><strong>Instructionem</strong></span> <span class='ocrx_word' id='word_1_53' title='bbox 1182 1337 1349 1392; x_wconf 89' lang='lat' dir='ltr'><strong>concessa</strong></span> 
     </span>
     <span class='ocr_line' id='line_1_10' title="bbox 179 1434 1350 1533; baseline 0 -21"><span class='ocrx_word' id='word_1_54' title='bbox 179 1434 296 1533; x_wconf 87' lang='lat' dir='ltr'><strong>luere,</strong></span> <span class='ocrx_word' id='word_1_55' title='bbox 328 1435 459 1516; x_wconf 88' lang='lat' dir='ltr'><strong>ideirco</strong></span> <span class='ocrx_word' id='word_1_56' title='bbox 488 1437 533 1516; x_wconf 87' lang='lat' dir='ltr'><strong>ad</strong></span> <span class='ocrx_word' id='word_1_57' title='bbox 561 1464 683 1517; x_wconf 86' lang='lat' dir='ltr'><strong>omnes</strong></span> <span class='ocrx_word' id='word_1_58' title='bbox 711 1437 956 1518; x_wconf 90' lang='lat' dir='ltr'><strong>dubitationes</strong></span> <span class='ocrx_word' id='word_1_59' title='bbox 976 1435 1190 1516; x_wconf 90' lang='lat' dir='ltr'><strong>amovendas</strong></span> <span class='ocrx_word' id='word_1_60' title='bbox 1209 1436 1350 1515; x_wconf 90' lang='lat' dir='ltr'><strong>Sancti-</strong></span> 
     </span>
     <span class='ocr_line' id='line_1_11' title="bbox 179 1559 1349 1656; baseline -0.001 -20"><span class='ocrx_word' id='word_1_61' title='bbox 179 1571 236 1636; x_wconf 89' lang='lat' dir='ltr'><strong>tas</strong></span> <span class='ocrx_word' id='word_1_62' title='bbox 265 1564 336 1638; x_wconf 93' lang='lat' dir='ltr'><strong>Sua</strong></span> <span class='ocrx_word' id='word_1_63' title='bbox 364 1560 619 1640; x_wconf 89' lang='lat' dir='ltr'><strong>declarandum</strong></span> <span class='ocrx_word' id='word_1_64' title='bbox 648 1586 724 1640; x_wconf 90' lang='lat' dir='ltr'><strong>esse</strong></span> <span class='ocrx_word' id='word_1_65' title='bbox 746 1561 864 1656; x_wconf 90' lang='lat' dir='ltr'><strong>iussit,</strong></span> <span class='ocrx_word' id='word_1_66' title='bbox 887 1559 1027 1640; x_wconf 89' lang='lat' dir='ltr'><strong>eosdem</strong></span> <span class='ocrx_word' id='word_1_67' title='bbox 1048 1559 1236 1639; x_wconf 79' lang='lat' dir='ltr'><strong>Antistites</strong></span> <span class='ocrx_word' id='word_1_68' title='bbox 1256 1559 1349 1636; x_wconf 90' lang='lat' dir='ltr'><strong>hanc</strong></span> 
     </span>
     <span class='ocr_line' id='line_1_12' title="bbox 178 1685 1347 1791; baseline 0 -31"><span class='ocrx_word' id='word_1_69' title='bbox 178 1685 456 1764; x_wconf 87' lang='lat' dir='ltr'><strong>Instructiouem</strong></span> <span class='ocrx_word' id='word_1_70' title='bbox 485 1687 587 1791; x_wconf 90' lang='lat' dir='ltr'><strong>sequi</strong></span> <span class='ocrx_word' id='word_1_71' title='bbox 617 1685 747 1764; x_wconf 90' lang='lat' dir='ltr'><strong>debere</strong></span> <span class='ocrx_word' id='word_1_72' title='bbox 776 1687 813 1764; x_wconf 95' lang='lat' dir='ltr'><strong>in</strong></span> <span class='ocrx_word' id='word_1_73' title='bbox 841 1685 1122 1764; x_wconf 87' lang='lat' dir='ltr'><strong>commemoratis</strong></span> <span class='ocrx_word' id='word_1_74' title='bbox 1150 1707 1347 1787; x_wconf 83' lang='lat' dir='ltr'><strong>exsequen-</strong></span> 
     </span>
     <span class='ocr_line' id='line_1_13' title="bbox 176 1807 477 1916; baseline 0.01 -31"><span class='ocrx_word' id='word_1_75' title='bbox 176 1807 234 1886; x_wconf 93' lang='lat' dir='ltr'><strong>dis</strong></span> <span class='ocrx_word' id='word_1_76' title='bbox 264 1809 477 1916; x_wconf 88' lang='lat' dir='ltr'><strong>Rescriptis.</strong></span> 
     </span>
    </p>

    <p class='ocr_par' dir='ltr' id='par_1_3' title="bbox 170 1931 1348 3400">
     <span class='ocr_line' id='line_1_14' title="bbox 258 1931 1347 2034; baseline -0.002 -24"><span class='ocrx_word' id='word_1_77' title='bbox 258 1932 354 2010; x_wconf 89' lang='lat' dir='ltr'><strong>Nihil</strong></span> <span class='ocrx_word' id='word_1_78' title='bbox 374 1959 457 2012; x_wconf 87' lang='lat' dir='ltr'><strong>vero</strong></span> <span class='ocrx_word' id='word_1_79' title='bbox 476 1933 621 2014; x_wconf 89' lang='lat' dir='ltr'><strong>dubitat</strong></span> <span class='ocrx_word' id='word_1_80' title='bbox 639 1933 892 2014; x_wconf 88' lang='lat' dir='ltr'><strong>SanctissImus</strong></span> <span class='ocrx_word' id='word_1_81' title='bbox 906 1932 1077 2012; x_wconf 86' lang='lat' dir='ltr'><strong>Dominus</strong></span> <span class='ocrx_word' id='word_1_82' title='bbox 1094 1935 1236 2024; x_wconf 90' lang='lat' dir='ltr'><strong>Noster,</strong></span> <span class='ocrx_word' id='word_1_83' title='bbox 1258 1931 1347 2034; x_wconf 88' lang='lat' dir='ltr'><strong>quin</strong></span> 
     </span>
     <span class='ocr_line' id='line_1_15' title="bbox 175 2053 1348 2162; baseline 0.001 -31"><span class='ocrx_word' id='word_1_84' title='bbox 175 2079 300 2133; x_wconf 90' lang='lat' dir='ltr'><strong>omnes</strong></span> <span class='ocrx_word' id='word_1_85' title='bbox 327 2057 514 2134; x_wconf 89' lang='lat' dir='ltr'><strong>Sacrorum</strong></span> <span class='ocrx_word' id='word_1_86' title='bbox 543 2057 733 2137; x_wconf 84' lang='lat' dir='ltr'><strong>Intistites</strong></span> <span class='ocrx_word' id='word_1_87' title='bbox 760 2057 805 2136; x_wconf 88' lang='lat' dir='ltr'><strong>ob</strong></span> <span class='ocrx_word' id='word_1_88' title='bbox 833 2068 1029 2162; x_wconf 87' lang='lat' dir='ltr'><strong>spectatam</strong></span> <span class='ocrx_word' id='word_1_89' title='bbox 1055 2079 1175 2134; x_wconf 91' lang='lat' dir='ltr'><strong>eorum</strong></span> <span class='ocrx_word' id='word_1_90' title='bbox 1205 2053 1348 2156; x_wconf 92' lang='lat' dir='ltr'><strong>religio-</strong></span> 
     </span>
     <span class='ocr_line' id='line_1_16' title="bbox 177 2178 1344 2286; baseline 0.002 -32"><span class='ocrx_word' id='word_1_91' title='bbox 177 2201 274 2272; x_wconf 92' lang='lat' dir='ltr'><strong>nem,</strong></span> <span class='ocrx_word' id='word_1_92' title='bbox 306 2179 475 2282; x_wconf 88' lang='lat' dir='ltr'><strong>pietatem</strong></span> <span class='ocrx_word' id='word_1_93' title='bbox 514 2193 550 2260; x_wconf 88' lang='lat' dir='ltr'><strong>ct</strong></span> <span class='ocrx_word' id='word_1_94' title='bbox 585 2181 776 2286; x_wconf 90' lang='lat' dir='ltr'><strong>pastoralis</strong></span> <span class='ocrx_word' id='word_1_95' title='bbox 805 2180 963 2259; x_wconf 91' lang='lat' dir='ltr'><strong>muneris</strong></span> <span class='ocrx_word' id='word_1_96' title='bbox 1000 2178 1155 2257; x_wconf 91' lang='lat' dir='ltr'><strong>officium</strong></span> <span class='ocrx_word' id='word_1_97' title='bbox 1192 2189 1344 2282; x_wconf 84' lang='lat' dir='ltr'><strong>pergant</strong></span> 
     </span>
     <span class='ocr_line' id='line_1_17' title="bbox 175 2298 1343 2407; baseline 0.003 -32"><span class='ocrx_word' id='word_1_98' title='bbox 175 2298 396 2402; x_wconf 90' lang='lat' dir='ltr'><strong>flagrantiori</strong></span> <span class='ocrx_word' id='word_1_99' title='bbox 416 2327 531 2407; x_wconf 90' lang='lat' dir='ltr'><strong>usque</strong></span> <span class='ocrx_word' id='word_1_100' title='bbox 550 2304 625 2382; x_wconf 90' lang='lat' dir='ltr'><strong>zelo</strong></span> <span class='ocrx_word' id='word_1_101' title='bbox 644 2304 837 2384; x_wconf 89' lang='lat' dir='ltr'><strong>catholicos</strong></span> <span class='ocrx_word' id='word_1_102' title='bbox 857 2303 925 2381; x_wconf 91' lang='lat' dir='ltr'><strong>sibi</strong></span> <span class='ocrx_word' id='word_1_103' title='bbox 940 2301 1162 2382; x_wconf 88' lang='lat' dir='ltr'><strong>concreditos</strong></span> <span class='ocrx_word' id='word_1_104' title='bbox 1181 2326 1201 2376; x_wconf 89' lang='lat' dir='ltr'><strong>a</strong></span> <span class='ocrx_word' id='word_1_105' title='bbox 1220 2300 1343 2378; x_wconf 84' lang='lat' dir='ltr'><strong>mixtis</strong></span> 
     </span>
     <span class='ocr_line' id='line_1_18' title="bbox 176 2421 1346 2532; baseline 0.002 -32"><span class='ocrx_word' id='word_1_106' title='bbox 176 2421 274 2501; x_wconf 90' lang='lat' dir='ltr'><strong>hisce</strong></span> <span class='ocrx_word' id='word_1_107' title='bbox 302 2424 477 2528; x_wconf 92' lang='lat' dir='ltr'><strong>coniugiis</strong></span> <span class='ocrx_word' id='word_1_108' title='bbox 506 2441 681 2523; x_wconf 90' lang='lat' dir='ltr'><strong>avertere,</strong></span> <span class='ocrx_word' id='word_1_109' title='bbox 704 2452 836 2532; x_wconf 91' lang='lat' dir='ltr'><strong>eosque</strong></span> <span class='ocrx_word' id='word_1_110' title='bbox 864 2440 1029 2506; x_wconf 88' lang='lat' dir='ltr'><strong>accurate</strong></span> <span class='ocrx_word' id='word_1_111' title='bbox 1056 2424 1203 2504; x_wconf 89' lang='lat' dir='ltr'><strong>edocere</strong></span> <span class='ocrx_word' id='word_1_112' title='bbox 1222 2423 1346 2502; x_wconf 88' lang='lat' dir='ltr'><strong>catho-</strong></span> 
     </span>
     <span class='ocr_line' id='line_1_19' title="bbox 174 2544 1344 2656; baseline 0.002 -34"><span class='ocrx_word' id='word_1_113' title='bbox 174 2544 265 2624; x_wconf 92' lang='lat' dir='ltr'><strong>licae</strong></span> <span class='ocrx_word' id='word_1_114' title='bbox 293 2547 471 2628; x_wconf 85' lang='lat' dir='ltr'><strong>Ecclesiae</strong></span> <span class='ocrx_word' id='word_1_115' title='bbox 499 2548 710 2647; x_wconf 89' lang='lat' dir='ltr'><strong>doctrinam,</strong></span> <span class='ocrx_word' id='word_1_116' title='bbox 742 2553 910 2656; x_wconf 85' lang='lat' dir='ltr'><strong>legesque</strong></span> <span class='ocrx_word' id='word_1_117' title='bbox 937 2549 981 2628; x_wconf 92' lang='lat' dir='ltr'><strong>ad</strong></span> <span class='ocrx_word' id='word_1_118' title='bbox 1019 2547 1143 2628; x_wconf 89' lang='lat' dir='ltr'><strong>eadem</strong></span> <span class='ocrx_word' id='word_1_119' title='bbox 1179 2547 1344 2650; x_wconf 89' lang='lat' dir='ltr'><strong>coniugia</strong></span> 
     </span>
     <span class='ocr_line' id='line_1_20' title="bbox 174 2661 1345 2778; baseline 0.003 -31"><span class='ocrx_word' id='word_1_120' title='bbox 174 2671 411 2774; x_wconf 87' lang='lat' dir='ltr'><strong>pertinentes,</strong></span> <span class='ocrx_word' id='word_1_121' title='bbox 443 2686 552 2777; x_wconf 86' lang='lat' dir='ltr'><strong>atque</strong></span> <span class='ocrx_word' id='word_1_122' title='bbox 571 2675 686 2754; x_wconf 95' lang='lat' dir='ltr'><strong>eidem</strong></span> <span class='ocrx_word' id='word_1_123' title='bbox 702 2675 931 2754; x_wconf 89' lang='lat' dir='ltr'><strong>Sanctissimo</strong></span> <span class='ocrx_word' id='word_1_124' title='bbox 951 2675 1099 2752; x_wconf 86' lang='lat' dir='ltr'><strong>Domino</strong></span> <span class='ocrx_word' id='word_1_125' title='bbox 1114 2677 1243 2752; x_wconf 86' lang='lat' dir='ltr'><strong>Nostro</strong></span> <span class='ocrx_word' id='word_1_126' title='bbox 1262 2661 1345 2778; x_wconf 89' lang='lat' dir='ltr'><strong>per-</strong></span> 
     </span>
     <span class='ocr_line' id='line_1_21' title="bbox 173 2793 1343 2903; baseline 0.003 -33"><span class='ocrx_word' id='word_1_127' title='bbox 173 2793 421 2874; x_wconf 88' lang='lat' dir='ltr'><strong>suasissimum</strong></span> <span class='ocrx_word' id='word_1_128' title='bbox 450 2810 519 2888; x_wconf 89' lang='lat' dir='ltr'><strong>est,</strong></span> <span class='ocrx_word' id='word_1_129' title='bbox 552 2798 646 2902; x_wconf 91' lang='lat' dir='ltr'><strong>ipsos</strong></span> <span class='ocrx_word' id='word_1_130' title='bbox 674 2804 862 2878; x_wconf 91' lang='lat' dir='ltr'><strong>Sacrorum</strong></span> <span class='ocrx_word' id='word_1_131' title='bbox 892 2799 1078 2878; x_wconf 82' lang='lat' dir='ltr'><strong>Antistites</strong></span> <span class='ocrx_word' id='word_1_132' title='bbox 1111 2821 1197 2903; x_wconf 89' lang='lat' dir='ltr'><strong>prae</strong></span> <span class='ocrx_word' id='word_1_133' title='bbox 1230 2795 1343 2874; x_wconf 90' lang='lat' dir='ltr'><strong>oculis</strong></span> 
     </span>
     <span class='ocr_line' id='line_1_22' title="bbox 174 2917 1342 3025; baseline 0.003 -31"><span class='ocrx_word' id='word_1_134' title='bbox 174 2941 315 3022; x_wconf 89' lang='lat' dir='ltr'><strong>semper</strong></span> <span class='ocrx_word' id='word_1_135' title='bbox 343 2917 530 2998; x_wconf 87' lang='lat' dir='ltr'><strong>habituros</strong></span> <span class='ocrx_word' id='word_1_136' title='bbox 559 2923 714 3000; x_wconf 88' lang='lat' dir='ltr'><strong>Litteras</strong></span> <span class='ocrx_word' id='word_1_137' title='bbox 742 2936 779 3002; x_wconf 92' lang='lat' dir='ltr'><strong>et</strong></span> <span class='ocrx_word' id='word_1_138' title='bbox 807 2922 1079 3014; x_wconf 87' lang='lat' dir='ltr'><strong>Instructiones,</strong></span> <span class='ocrx_word' id='word_1_139' title='bbox 1112 2945 1205 3025; x_wconf 91' lang='lat' dir='ltr'><strong>quae</strong></span> <span class='ocrx_word' id='word_1_140' title='bbox 1226 2945 1246 2996; x_wconf 92' lang='lat' dir='ltr'><strong>a</strong></span> <span class='ocrx_word' id='word_1_141' title='bbox 1266 2918 1342 2998; x_wconf 92' lang='lat' dir='ltr'><strong>suis</strong></span> 
     </span>
     <span class='ocr_line' id='line_1_23' title="bbox 172 3039 1342 3150; baseline 0.004 -33"><span class='ocrx_word' id='word_1_142' title='bbox 172 3039 286 3118; x_wconf 87' lang='lat' dir='ltr'><strong>lelicis</strong></span> <span class='ocrx_word' id='word_1_143' title='bbox 323 3041 579 3122; x_wconf 89' lang='lat' dir='ltr'><strong>recordationis</strong></span> <span class='ocrx_word' id='word_1_144' title='bbox 616 3045 968 3141; x_wconf 86' lang='lat' dir='ltr'><strong>Praedecessoribus,</strong></span> <span class='ocrx_word' id='word_1_145' title='bbox 1009 3069 1050 3123; x_wconf 90' lang='lat' dir='ltr'><strong>ac</strong></span> <span class='ocrx_word' id='word_1_146' title='bbox 1082 3042 1292 3150; x_wconf 89' lang='lat' dir='ltr'><strong>praesertim</strong></span> <span class='ocrx_word' id='word_1_147' title='bbox 1321 3069 1342 3122; x_wconf 91' lang='lat' dir='ltr'><strong>a</strong></span> 
     </span>
     <span class='ocr_line' id='line_1_24' title="bbox 171 3165 1339 3278; baseline 0.005 -36"><span class='ocrx_word' id='word_1_148' title='bbox 171 3169 234 3242; x_wconf 89' lang='lat' dir='ltr'><strong>Pio</strong></span> <span class='ocrx_word' id='word_1_149' title='bbox 251 3169 296 3244; x_wconf 88' lang='lat' dir='ltr'><strong>VI</strong></span> <span class='ocrx_word' id='word_1_150' title='bbox 329 3165 404 3272; x_wconf 87' lang='lat' dir='ltr'><strong>(i),</strong></span> <span class='ocrx_word' id='word_1_151' title='bbox 419 3167 479 3246; x_wconf 90' lang='lat' dir='ltr'><strong>Pio</strong></span> <span class='ocrx_word' id='word_1_152' title='bbox 489 3171 555 3248; x_wconf 92' lang='lat' dir='ltr'><strong>VII</strong></span> <span class='ocrx_word' id='word_1_153' title='bbox 584 3170 658 3276; x_wconf 82' lang='lat'><strong>(2),</strong></span> <span class='ocrx_word' id='word_1_154' title='bbox 673 3171 734 3249; x_wconf 90' lang='lat' dir='ltr'><strong>Pio</strong></span> <span class='ocrx_word' id='word_1_155' title='bbox 749 3175 834 3250; x_wconf 89' lang='lat' dir='ltr'>VIII</span> <span class='ocrx_word' id='word_1_156' title='bbox 863 3171 923 3278; x_wconf 84' lang='lat'><strong>(3)</strong></span> <span class='ocrx_word' id='word_1_157' title='bbox 938 3185 974 3249; x_wconf 88' lang='lat' dir='ltr'><strong>et</strong></span> <span class='ocrx_word' id='word_1_158' title='bbox 988 3169 1156 3272; x_wconf 80' lang='lat' dir='ltr'><strong>Gregorio</strong></span> <span class='ocrx_word' id='word_1_159' title='bbox 1171 3171 1250 3248; x_wconf 79' lang='lat' dir='ltr'><strong>xvi</strong></span> <span class='ocrx_word' id='word_1_160' title='bbox 1281 3170 1339 3273; x_wconf 83' lang='lat' dir='ltr'><strong>(l)</strong></span> 
     </span>
     <span class='ocr_line' id='line_1_25' title="bbox 170 3289 1339 3400; baseline 0.003 -33"><span class='ocrx_word' id='word_1_161' title='bbox 170 3289 216 3367; x_wconf 90' lang='lat' dir='ltr'><strong>de</strong></span> <span class='ocrx_word' id='word_1_162' title='bbox 245 3290 312 3368; x_wconf 91' lang='lat' dir='ltr'><strong>hoc</strong></span> <span class='ocrx_word' id='word_1_163' title='bbox 341 3291 548 3396; x_wconf 89' lang='lat' dir='ltr'><strong>gravissimo</strong></span> <span class='ocrx_word' id='word_1_164' title='bbox 576 3321 661 3374; x_wconf 90' lang='lat' dir='ltr'><strong>sane</strong></span> <span class='ocrx_word' id='word_1_165' title='bbox 682 3311 906 3400; x_wconf 87' lang='lat' dir='ltr'><strong>argumente,</strong></span> <span class='ocrx_word' id='word_1_166' title='bbox 929 3295 1145 3399; x_wconf 83' lang='lat' dir='ltr'><strong>maximique</strong></span> <span class='ocrx_word' id='word_1_167' title='bbox 1170 3293 1339 3372; x_wconf 88' lang='lat' dir='ltr'><strong>momenti</strong></span> 
     </span>
    </p>

    <p class='ocr_par' dir='ltr' id='par_1_4' title="bbox 239 3469 1338 3548">
     <span class='ocr_line' id='line_1_26' title="bbox 239 3469 1338 3548; baseline 0.006 -23"><span class='ocrx_word' id='word_1_168' title='bbox 239 3469 278 3542; x_wconf 79' lang='lat' dir='ltr'><strong>(ll</strong></span> <span class='ocrx_word' id='word_1_169' title='bbox 299 3472 386 3541; x_wconf 81' lang='lat' dir='ltr'><strong>Epist.</strong></span> <span class='ocrx_word' id='word_1_170' title='bbox 407 3471 443 3526; x_wconf 90' lang='lat' dir='ltr'><strong>ad</strong></span> <span class='ocrx_word' id='word_1_171' title='bbox 462 3473 596 3543; x_wconf 80' lang='lat' dir='ltr'><strong>Areniep.</strong></span> <span class='ocrx_word' id='word_1_172' title='bbox 618 3475 861 3544; x_wconf 65' lang='lat' dir='ltr'><strong>mechliniensem,</strong></span> <span class='ocrx_word' id='word_1_173' title='bbox 882 3475 1092 3548; x_wconf 85' lang='lat' dir='ltr'><strong>Episcoposque</strong></span> <span class='ocrx_word' id='word_1_174' title='bbox 1118 3473 1218 3546; x_wconf 86' lang='lat' dir='ltr'><strong>Belgii:</strong></span> <span class='ocrx_word' id='word_1_175' title='bbox 1233 3505 1252 3514; x_wconf 99' lang='lat'>-</span> <span class='ocrx_word' id='word_1_176' title='bbox 1267 3477 1338 3532; x_wconf 86' lang='lat' dir='ltr'><strong>Exe-</strong></span> 
     </span>
    </p>
   </div>
   <div class='ocr_carea' id='block_1_2' title="bbox 166 3558 1339 4523">
    <p class='ocr_par' dir='ltr' id='par_1_5' title="bbox 169 3558 700 3630">
     <span class='ocr_line' id='line_1_27' title="bbox 169 3558 700 3630; baseline 0.008 -16"><span class='ocrx_word' id='word_1_177' title='bbox 169 3558 285 3630; x_wconf 85' lang='lat' dir='ltr'><strong>quendo</strong></span> <span class='ocrx_word' id='word_1_178' title='bbox 304 3573 383 3616; x_wconf 89' lang='lat' dir='ltr'><strong>nuno</strong></span> <span class='ocrx_word' id='word_1_179' title='bbox 395 3591 414 3600; x_wconf 96' lang='lat'>-</span> <span class='ocrx_word' id='word_1_180' title='bbox 426 3559 474 3617; x_wconf 84' lang='lat' dir='ltr'><strong>die</strong></span> <span class='ocrx_word' id='word_1_181' title='bbox 488 3563 522 3617; x_wconf 78' lang='grc'><strong>45</strong></span> <span class='ocrx_word' id='word_1_182' title='bbox 533 3563 608 3620; x_wconf 79' lang='lat' dir='ltr'><strong>tulit</strong></span> <span class='ocrx_word' id='word_1_183' title='bbox 622 3568 700 3620; x_wconf 79' lang='grc'><strong><em>4788.</em></strong></span> 
     </span>
    </p>

    <p class='ocr_par' dir='ltr' id='par_1_6' title="bbox 167 3647 1338 3794">
     <span class='ocr_line' id='line_1_28' title="bbox 240 3647 1338 3725; baseline 0.008 -22"><span class='ocrx_word' id='word_1_184' title='bbox 240 3647 276 3718; x_wconf 75' lang='grc'><strong>(8)</strong></span> <span class='ocrx_word' id='word_1_185' title='bbox 298 3649 385 3719; x_wconf 82' lang='lat' dir='ltr'><strong>Epist.</strong></span> <span class='ocrx_word' id='word_1_186' title='bbox 406 3649 442 3706; x_wconf 86' lang='lat' dir='ltr'><strong>ad</strong></span> <span class='ocrx_word' id='word_1_187' title='bbox 461 3651 595 3724; x_wconf 77' lang='lat' dir='ltr'><strong>Arohiep.</strong></span> <span class='ocrx_word' id='word_1_188' title='bbox 611 3653 810 3725; x_wconf 82' lang='lat' dir='ltr'><strong>itoguntinum</strong></span> <span class='ocrx_word' id='word_1_189' title='bbox 823 3685 841 3694; x_wconf 92' lang='lat'>-</span> <span class='ocrx_word' id='word_1_190' title='bbox 856 3653 913 3710; x_wconf 90' lang='lat' dir='ltr'><strong>Etsi</strong></span> <span class='ocrx_word' id='word_1_191' title='bbox 934 3653 1126 3712; x_wconf 84' lang='lat' dir='ltr'><strong>Fraternitatis</strong></span> <span class='ocrx_word' id='word_1_192' title='bbox 1140 3657 1215 3712; x_wconf 81' lang='lat' dir='ltr'><strong>Tuae</strong></span> <span class='ocrx_word' id='word_1_193' title='bbox 1228 3685 1247 3694; x_wconf 93' lang='lat'><em>-</em></span> <span class='ocrx_word' id='word_1_194' title='bbox 1260 3655 1307 3711; x_wconf 80' lang='lat' dir='ltr'><strong>dte</strong></span> <span class='ocrx_word' id='word_1_195' title='bbox 1320 3661 1338 3712; x_wconf 91' lang='grc'><strong><em>8</em></strong></span> 
     </span>
     <span class='ocr_line' id='line_1_29' title="bbox 167 3734 394 3794; baseline 0.009 -2"><span class='ocrx_word' id='word_1_196' title='bbox 167 3734 394 3794; x_wconf 77' lang='lat' dir='ltr'><strong>octaortstaos.</strong></span> 
     </span>
    </p>

    <p class='ocr_par' dir='ltr' id='par_1_7' title="bbox 166 3819 1339 4082">
     <span class='ocr_line' id='line_1_30' title="bbox 239 3819 1339 3902; baseline 0.008 -23"><span class='ocrx_word' id='word_1_197' title='bbox 239 3819 279 3898; x_wconf 77' lang='lat'><strong>(3)</strong></span> <span class='ocrx_word' id='word_1_198' title='bbox 298 3825 387 3894; x_wconf 84' lang='lat' dir='ltr'><strong>Epist.</strong></span> <span class='ocrx_word' id='word_1_199' title='bbox 407 3825 443 3882; x_wconf 89' lang='lat' dir='ltr'><strong>ad</strong></span> <span class='ocrx_word' id='word_1_200' title='bbox 462 3827 596 3900; x_wconf 78' lang='lat' dir='ltr'><strong>Archiap.</strong></span> <span class='ocrx_word' id='word_1_201' title='bbox 616 3829 825 3900; x_wconf 81' lang='lat' dir='ltr'><strong>coloniensem,</strong></span> <span class='ocrx_word' id='word_1_202' title='bbox 845 3837 874 3886; x_wconf 86' lang='lat' dir='ltr'><strong>et</strong></span> <span class='ocrx_word' id='word_1_203' title='bbox 891 3832 1046 3902; x_wconf 79' lang='lat' dir='ltr'><strong>Episcopus</strong></span> <span class='ocrx_word' id='word_1_204' title='bbox 1066 3831 1223 3898; x_wconf 79' lang='lat' dir='ltr'><strong>maviron,</strong></span> <span class='ocrx_word' id='word_1_205' title='bbox 1244 3833 1339 3888; x_wconf 85' lang='lat' dir='ltr'><strong>Itona-</strong></span> 
     </span>
     <span class='ocr_line' id='line_1_31' title="bbox 167 3913 1335 3980; baseline 0.007 -10"><span class='ocrx_word' id='word_1_206' title='bbox 167 3915 283 3971; x_wconf 83' lang='lat' dir='ltr'><strong>aterien·</strong></span> <span class='ocrx_word' id='word_1_207' title='bbox 294 3925 322 3972; x_wconf 78' lang='lat' dir='ltr'><strong>et</strong></span> <span class='ocrx_word' id='word_1_208' title='bbox 335 3913 687 3975; x_wconf 81' lang='lat' dir='ltr'><strong>eaderoonen.:-mtteris</strong></span> <span class='ocrx_word' id='word_1_209' title='bbox 700 3920 788 3976; x_wconf 85' lang='lat' dir='ltr'><strong>altaro</strong></span> <span class='ocrx_word' id='word_1_210' title='bbox 803 3920 907 3977; x_wconf 87' lang='lat' dir='ltr'><strong>abhinc</strong></span> <span class='ocrx_word' id='word_1_211' title='bbox 919 3921 1071 3978; x_wconf 80' lang='lat' dir='ltr'><strong>anno-dte</strong></span> <span class='ocrx_word' id='word_1_212' title='bbox 1083 3925 1118 3976; x_wconf 79' lang='grc'><strong>85</strong></span> <span class='ocrx_word' id='word_1_213' title='bbox 1132 3923 1239 3979; x_wconf 82' lang='lat' dir='ltr'><strong>ttcrtit</strong></span> <span class='ocrx_word' id='word_1_214' title='bbox 1253 3921 1335 3980; x_wconf 81' lang='grc'><strong><em>4888.</em></strong></span> 
     </span>
     <span class='ocr_line' id='line_1_32' title="bbox 166 4005 1192 4082; baseline 0.006 -22"><span class='ocrx_word' id='word_1_215' title='bbox 166 4005 322 4062; x_wconf 86' lang='lat' dir='ltr'><strong>instructio</strong></span> <span class='ocrx_word' id='word_1_216' title='bbox 341 4005 377 4060; x_wconf 86' lang='lat' dir='ltr'><strong>ad</strong></span> <span class='ocrx_word' id='word_1_217' title='bbox 396 4005 511 4062; x_wconf 89' lang='lat' dir='ltr'><strong>eosdem</strong></span> <span class='ocrx_word' id='word_1_218' title='bbox 530 4007 663 4078; x_wconf 77' lang='lat' dir='ltr'><strong>nroniep.</strong></span> <span class='ocrx_word' id='word_1_219' title='bbox 684 4015 712 4065; x_wconf 86' lang='lat' dir='ltr'><strong>et</strong></span> <span class='ocrx_word' id='word_1_220' title='bbox 731 4009 862 4082; x_wconf 85' lang='lat' dir='ltr'><strong>Episcop.</strong></span> <span class='ocrx_word' id='word_1_221' title='bbox 883 4009 929 4067; x_wconf 77' lang='lat' dir='ltr'><strong>dte</strong></span> <span class='ocrx_word' id='word_1_222' title='bbox 942 4014 976 4064; x_wconf 78' lang='grc'><strong>87</strong></span> <span class='ocrx_word' id='word_1_223' title='bbox 992 4011 1098 4068; x_wconf 76' lang='lat' dir='ltr'><strong>Itorttt</strong></span> <span class='ocrx_word' id='word_1_224' title='bbox 1112 4015 1192 4067; x_wconf 79' lang='grc'><strong><em>4888.</em></strong></span> 
     </span>
    </p>

    <p class='ocr_par' dir='ltr' id='par_1_8' title="bbox 167 4089 1337 4261">
     <span class='ocr_line' id='line_1_33' title="bbox 235 4089 1337 4170; baseline 0.006 -22"><span class='ocrx_word' id='word_1_225' title='bbox 235 4089 277 4164; x_wconf 83' lang='grc'><strong>(4)</strong></span> <span class='ocrx_word' id='word_1_226' title='bbox 297 4093 384 4164; x_wconf 88' lang='lat' dir='ltr'><strong>Epist.</strong></span> <span class='ocrx_word' id='word_1_227' title='bbox 415 4093 451 4149; x_wconf 90' lang='lat' dir='ltr'><strong>ad</strong></span> <span class='ocrx_word' id='word_1_228' title='bbox 479 4095 612 4166; x_wconf 79' lang='lat' dir='ltr'><strong>Archiep.</strong></span> <span class='ocrx_word' id='word_1_229' title='bbox 641 4103 668 4150; x_wconf 86' lang='lat' dir='ltr'><strong>et</strong></span> <span class='ocrx_word' id='word_1_230' title='bbox 693 4097 823 4166; x_wconf 83' lang='lat' dir='ltr'><strong>Episcop.</strong></span> <span class='ocrx_word' id='word_1_231' title='bbox 855 4099 1004 4154; x_wconf 84' lang='lat' dir='ltr'><strong>Bavariae:</strong></span> <span class='ocrx_word' id='word_1_232' title='bbox 1024 4126 1060 4142; x_wconf 46' lang='grc' dir='ltr'><strong>ν-</strong></span> <span class='ocrx_word' id='word_1_233' title='bbox 1079 4101 1200 4155; x_wconf 90' lang='lat' dir='ltr'><strong>Summo</strong></span> <span class='ocrx_word' id='word_1_234' title='bbox 1230 4099 1337 4170; x_wconf 85' lang='lat' dir='ltr'><strong>iugiter</strong></span> 
     </span>
     <span class='ocr_line' id='line_1_34' title="bbox 167 4179 1333 4261; baseline 0.007 -23"><span class='ocrx_word' id='word_1_235' title='bbox 167 4179 262 4238; x_wconf 87' lang='lat' dir='ltr'><strong>studio</strong></span> <span class='ocrx_word' id='word_1_236' title='bbox 274 4213 310 4223; x_wconf 96' lang='lat'><em>-</em></span> <span class='ocrx_word' id='word_1_237' title='bbox 322 4182 369 4239; x_wconf 82' lang='lat' dir='ltr'><strong>dte</strong></span> <span class='ocrx_word' id='word_1_238' title='bbox 379 4186 412 4242; x_wconf 82' lang='lat'><strong>27</strong></span> <span class='ocrx_word' id='word_1_239' title='bbox 426 4183 503 4240; x_wconf 76' lang='lat' dir='ltr'><strong>Mati</strong></span> <span class='ocrx_word' id='word_1_240' title='bbox 517 4185 594 4244; x_wconf 76' lang='lat' dir='ltr'><strong>teor.</strong></span> <span class='ocrx_word' id='word_1_241' title='bbox 611 4186 766 4242; x_wconf 88' lang='lat' dir='ltr'><strong>instructio</strong></span> <span class='ocrx_word' id='word_1_242' title='bbox 779 4185 815 4242; x_wconf 91' lang='lat' dir='ltr'><strong>ad</strong></span> <span class='ocrx_word' id='word_1_243' title='bbox 829 4187 942 4244; x_wconf 87' lang='lat' dir='ltr'><strong>eosdem</strong></span> <span class='ocrx_word' id='word_1_244' title='bbox 958 4187 1006 4244; x_wconf 77' lang='lat' dir='ltr'><strong>die</strong></span> <span class='ocrx_word' id='word_1_245' title='bbox 1019 4192 1052 4246; x_wconf 78' lang='grc'><strong>48</strong></span> <span class='ocrx_word' id='word_1_246' title='bbox 1064 4188 1238 4261; x_wconf 70' lang='lat' dir='ltr'><strong>‚septemtrio</strong></span> <span class='ocrx_word' id='word_1_247' title='bbox 1253 4192 1333 4246; x_wconf 78' lang='grc'><strong><em>4854.</em></strong></span> 
     </span>
    </p>

    <p class='ocr_par' dir='ltr' id='par_1_9' title="bbox 166 4271 1337 4523">
     <span class='ocr_line' id='line_1_35' title="bbox 238 4271 1336 4348; baseline 0.012 -22"><span class='ocrx_word' id='word_1_248' title='bbox 238 4271 327 4341; x_wconf 84' lang='lat' dir='ltr'><strong>Epist.</strong></span> <span class='ocrx_word' id='word_1_249' title='bbox 360 4271 396 4328; x_wconf 88' lang='lat' dir='ltr'><strong>ad</strong></span> <span class='ocrx_word' id='word_1_250' title='bbox 433 4273 587 4343; x_wconf 65' lang='lat' dir='ltr'><strong>ironico„</strong></span> <span class='ocrx_word' id='word_1_251' title='bbox 621 4281 649 4330; x_wconf 86' lang='lat' dir='ltr'><strong>et</strong></span> <span class='ocrx_word' id='word_1_252' title='bbox 681 4275 811 4346; x_wconf 84' lang='lat' dir='ltr'><strong>Episcop.</strong></span> <span class='ocrx_word' id='word_1_253' title='bbox 840 4277 1017 4348; x_wconf 82' lang='lat' dir='ltr'><strong>ilungariae:</strong></span> <span class='ocrx_word' id='word_1_254' title='bbox 1048 4281 1167 4344; x_wconf 83' lang='lat' dir='ltr'><strong>-Quas</strong></span> <span class='ocrx_word' id='word_1_255' title='bbox 1192 4285 1336 4338; x_wconf 86' lang='lat' dir='ltr'><strong>restro-</strong></span> 
     </span>
     <span class='ocr_line' id='line_1_36' title="bbox 166 4359 1337 4440; baseline 0.009 -24"><span class='ocrx_word' id='word_1_256' title='bbox 166 4359 214 4416; x_wconf 80' lang='lat' dir='ltr'><strong>dtc</strong></span> <span class='ocrx_word' id='word_1_257' title='bbox 231 4360 267 4416; x_wconf 79' lang='grc'><strong>88</strong></span> <span class='ocrx_word' id='word_1_258' title='bbox 285 4359 400 4432; x_wconf 75' lang='lat' dir='ltr'><strong>Aprilis</strong></span> <span class='ocrx_word' id='word_1_259' title='bbox 420 4365 498 4417; x_wconf 88' lang='grc'><strong><em>4844.</em></strong></span> <span class='ocrx_word' id='word_1_260' title='bbox 519 4363 674 4420; x_wconf 90' lang='lat' dir='ltr'><strong>instructio</strong></span> <span class='ocrx_word' id='word_1_261' title='bbox 693 4363 729 4419; x_wconf 88' lang='lat' dir='ltr'><strong>ad</strong></span> <span class='ocrx_word' id='word_1_262' title='bbox 748 4363 879 4436; x_wconf 72' lang='lat' dir='ltr'><strong>archiep.</strong></span> <span class='ocrx_word' id='word_1_263' title='bbox 902 4373 929 4422; x_wconf 88' lang='lat' dir='ltr'><strong>et</strong></span> <span class='ocrx_word' id='word_1_264' title='bbox 948 4367 1079 4440; x_wconf 86' lang='lat' dir='ltr'><strong>Episcop.</strong></span> <span class='ocrx_word' id='word_1_265' title='bbox 1100 4370 1267 4427; x_wconf 75' lang='lat' dir='ltr'><strong>Eustriacae</strong></span> <span class='ocrx_word' id='word_1_266' title='bbox 1291 4369 1337 4426; x_wconf 83' lang='lat' dir='ltr'><strong>Di·</strong></span> 
     </span>
     <span class='ocr_line' id='line_1_37' title="bbox 166 4449 1132 4523; baseline 0.012 -17"><span class='ocrx_word' id='word_1_267' title='bbox 166 4449 254 4507; x_wconf 85' lang='lat' dir='ltr'><strong>tionis</strong></span> <span class='ocrx_word' id='word_1_268' title='bbox 273 4449 303 4506; x_wconf 92' lang='lat' dir='ltr'><strong>in</strong></span> <span class='ocrx_word' id='word_1_269' title='bbox 322 4449 474 4507; x_wconf 76' lang='lat' dir='ltr'><strong>foederatis</strong></span> <span class='ocrx_word' id='word_1_270' title='bbox 493 4451 660 4508; x_wconf 84' lang='lat' dir='ltr'><strong>Germaniae</strong></span> <span class='ocrx_word' id='word_1_271' title='bbox 680 4453 809 4523; x_wconf 88' lang='lat' dir='ltr'><strong>partibus</strong></span> <span class='ocrx_word' id='word_1_272' title='bbox 828 4453 875 4511; x_wconf 80' lang='lat' dir='ltr'><strong>dle</strong></span> <span class='ocrx_word' id='word_1_273' title='bbox 893 4461 929 4514; x_wconf 76' lang='grc'><strong>28</strong></span> <span class='ocrx_word' id='word_1_274' title='bbox 943 4455 1021 4513; x_wconf 81' lang='lat' dir='ltr'><strong>ituit</strong></span> <span class='ocrx_word' id='word_1_275' title='bbox 1037 4461 1132 4518; x_wconf 87' lang='grc'><strong><em>4844..</em></strong></span> 
     </span>
    </p>
   </div>
   <div class='ocr_carea' id='block_1_3' title="bbox 0 0 1728 5298">
    <p class='ocr_par' dir='ltr' id='par_1_10' title="bbox 0 0 1728 5298">
     <span class='ocr_line' id='line_1_38' title="bbox 0 0 1728 5298; baseline 0 7"><span class='ocrx_word' id='word_1_276' title='bbox 0 0 1728 5298; x_wconf 95' lang='lat' dir='ltr'><strong> </strong></span> 
     </span>
    </p>
   </div>
  </div>
 </body>
</html>
