3406 5302
866 477 1042 540 —ddl-

368 609 495 688 stolam
522 605 590 684 suh
619 605 676 684 die
708 615 752 684 17
785 605 861 683 iulii
894 612 992 682 1863
1024 601 1127 707 (licet
1155 621 1235 676 sero
1271 593 1315 671 ad
1346 617 1426 671 eum
1456 614 1539 696 per-

368 733 520 826 venerit,
553 756 633 809 oum
661 730 925 808 matrimonium
954 724 1126 832 postridie
1155 720 1263 798 luerit
1282 710 1534 815 celebratum),

368 884 440 962 qua
468 855 723 934 concludebat:
758 837 828 932 «ll
857 853 926 932 mio
955 852 1084 930 dovere
1114 847 1200 926 larle
1225 843 1359 923 sentire
1388 841 1454 920 eho
1482 863 1540 918 oo-

373 1011 391 1054 a
415 979 516 1058 desto
545 1005 611 1057 suo
638 979 829 1084 procedere
859 1003 929 1055 non
959 980 977 1054 e
1006 987 1119 1081 punto
1149 970 1301 1050 secondo
1330 969 1363 1046 le
1388 965 1541 1072 prescri-

373 1105 507 1183 ‹zioni
536 1104 573 1182 di
603 1109 639 1182 S.
672 1104 817 1199 Chiesa3
849 1127 868 1180 e
897 1100 1023 1206 quindi
1038 1100 1071 1177 le
1086 1097 1247 1200 significo
1266 1095 1303 1173 di
1323 1091 1539 1196 suspendere

373 1229 446 1306 ‹le
474 1226 753 1333 pubblicazioui,
786 1251 805 1304 e
834 1225 872 1304 di
900 1251 968 1302 iton
1005 1217 1234 1300 assisterent
1266 1214 1537 1299 matrimonio»

372 1351 510 1458 (lotor.
544 1349 605 1428 lol.
639 1359 676 1428 3.
700 1396 723 1409 -
762 1349 875 1452 alleg.
908 1347 969 1453 D).
1010 1345 1113 1426 Unde
1145 1343 1254 1422 iudex
1287 1339 1475 1442 delegatus
1504 1340 1539 1414 iu

371 1475 518 1554 ferenda
547 1474 725 1553 sententia
758 1474 802 1552 de
840 1473 948 1551 huius
982 1469 1196 1549 matrimonii
1230 1465 1397 1544 nullitate
1424 1466 1540 1570 potuit

372 1598 671 1678 animadvertere:
707 1603 918 1676 «Constare
947 1622 990 1674 ex
1019 1595 1121 1690 actis,
1153 1591 1346 1698 parochum
1367 1615 1397 1668 e.
1430 1593 1542 1666 Fran-

377 1722 503 1800 ‹cisoi
531 1721 606 1799 ruri
635 1722 769 1799 nullam
799 1721 968 1799 habuisse
997 1718 1256 1822 delegationem
1283 1740 1401 1819 neque
1430 1740 1450 1790 a
1478 1738 1542 1818 pa-

379 1845 527 1924 «rncho
561 1845 756 1924 volentium
789 1845 1053 1924 matrimonium
1086 1841 1310 1933 contrahere,
1352 1863 1468 1944 neque
1497 1837 1542 1915 ab

376 1969 609 2048 ‹Ordinario
637 1969 744 2047 loci»
775 1969 914 2075 (hlleg.
946 1965 1032 2071 CC).

454 2099 539 2172 Cum
568 2097 690 2198 itaque
719 2119 833 2199 neque
863 2091 1049 2187 domicilii,
1082 2116 1197 2195 neque
1231 2085 1449 2192 copatiouis,
1480 2107 1543 2160 ne-

373 2242 444 2322 que
458 2216 688 2322 delepotiouis
704 2219 842 2296 ratione
857 2215 1034 2322 parochus
1054 2241 1084 2292 s.
1103 2213 1282 2292 Francisci
1298 2207 1542 2289 iurisdictione

374 2343 413 2438 in
440 2341 694 2419 contrahentes
723 2341 885 2445 polleret,
909 2339 1008 2418 nullo
1027 2352 1132 2445 pacto
1152 2337 1221 2416 diei
1241 2335 1358 2442 potuit
1372 2331 1542 2439 proprius

374 2491 497 2544 eorum
526 2466 703 2570 parochus
732 2479 768 2543 et
796 2478 1056 2570 consequenter
1076 2462 1341 2540 matrimonium
1361 2484 1478 2538 coram
1502 2481 1543 2535 eo

374 2603 596 2667 contractum
624 2615 644 2664 a
674 2591 765 2666 Titio
784 2602 820 2666 et
839 2587 921 2666 Cain
951 2588 1118 2666 nullitate
1138 2585 1291 2679 laborat,
1310 2584 1443 2689 quippe
1464 2597 1545 2660 tau-

374 2737 482 2817 quam
512 2709 774 2791 clandestinum
804 2710 1009 2789 habendum
1037 2711 1097 2788 sit.

456 2845 518 2914 37.
552 2834 619 2914 Sed
649 2835 718 2912 iam
747 2833 792 2912 ad
822 2835 963 2913 tertiam
992 2847 1046 2913 est
1074 2833 1337 2939 properandum
1362 2829 1545 2936 quaestio-

375 2985 469 3054 nem,
492 2987 585 3065 quae
613 2960 664 3038 ita
692 2960 919 3064 proponitur:

748 3169 972 3258 oulusulo
1000 3169 1169 3245 TERTIA

374 3381 420 3455 Ite
442 3379 646 3452 matrimonio
669 3379 782 3469 mixto,
812 3378 845 3450 iu
869 3397 932 3471 quc
954 3380 992 3452 ob
1015 3378 1197 3470 praelatum
1227 3377 1409 3450 ‘tridentini
1439 3377 1546 3472 legem
1577 3411 1578 3414 κ

444 3486 517 3559 fuse
540 3487 653 3578 agitur
676 3485 714 3560 de
736 3486 973 3560 hoereticorum
985 3485 1081 3559 locali
1097 3487 1150 3558 vel
1165 3487 1328 3576 personali
1343 3489 1546 3576 exemptione

445 3595 486 3668 ab
510 3611 549 3668 ee
572 3594 664 3684 lege;
688 3593 769 3666 uude
793 3593 892 3666 etiam
917 3593 954 3665 de
984 3593 1164 3665 rationibus
1195 3593 1424 3666 declarationis
1447 3594 1547 3666 Beue-

444 3704 524 3776 dioti
547 3703 620 3774 XIV
644 3702 730 3774 oirot
759 3701 965 3774 matrimonia
993 3701 1180 3776 Hellaudice
1203 3705 1238 3774 et
1261 3702 1374 3796 Belgii,
1397 3702 1546 3775 aliarum·

446 3830 506 3904 que
531 3810 665 3882 sanotae
689 3807 781 3882 Sedit
804 3809 1046 3882 resolutiouum.

458 4047 500 4133 Q.
533 4047 587 4120 dn
616 4041 785 4120 sustiueri
814 4041 925 4144 possit
940 4041 1049 4118 huius
1068 4039 1281 4117 matrimonii
1302 4039 1470 4118 validitas
1490 4040 1548 4119 rel

378 4197 422 4250 ex
450 4195 492 4248 eo
520 4167 613 4274 quod
645 4168 759 4246 Titius
787 4165 832 4244 ad
861 4167 1075 4245 haereticam
1109 4164 1314 4244 societatem
1347 4165 1544 4268 pertineat,

379 4296 430 4373 ita
459 4307 597 4372 utnon
627 4303 809 4380 teneretur
838 4289 914 4393 lege
941 4288 1137 4367 tridentina
1157 4287 1200 4366 de
1238 4288 1461 4367 matrimonio
1490 4315 1551 4368 ce-

379 4415 551 4496 lebrando
580 4441 696 4494 coram
725 4414 867 4519 proprio
896 4413 1063 4520 paroolm.
