3456 5300
904 493 1080 556 -100-

403 619 466 697 010
494 630 669 724 repugnat
696 617 852 720 coniugii
881 617 957 712 smi,
990 617 1053 724 qui
1080 629 1136 696 est
1161 617 1345 719 generatio
1363 617 1486 722 prolis,
1519 628 1584 695 ut-

411 755 493 850 pote
520 767 612 848 quae
641 743 708 820 erit
737 741 886 836 incerta,
918 753 955 820 et
982 765 1025 820 er
1053 741 1212 844 plurium
1248 741 1495 820 commixtione
1523 741 1580 820 ri·-

409 892 527 948 rorum
543 864 748 972 impeditur,
771 865 822 942 ita
840 877 881 943 ut
900 865 956 944 vel
977 890 1161 970 nunquam
1175 865 1232 944 vel
1247 867 1363 944 rarius
1377 865 1579 970 subsequa-

410 1008 492 1090 tur;
514 1005 633 1070 -tum
660 987 869 1069 secundario
897 988 974 1086 fini,
997 991 1213 1094 tranquillae
1233 990 1367 1070 scilicet
1387 991 1575 1094 coniugum

409 1116 665 1198 cohabitationi
684 1127 721 1194 et
739 1115 840 1219 paci:
859 1112 921 1192 ubi
943 1116 1037 1192 euim
1056 1113 1168 1194 multa
1188 1127 1274 1193 sunt
1293 1113 1400 1194 unius
1415 1117 1579 1220 corporis

398 1241 501 1320 idest
529 1238 635 1318 unius
663 1236 816 1316 familiae
844 1239 976 1343 capita,
1008 1237 1057 1316 ibi
1076 1237 1385 1343 pluresiugosque
1401 1237 1494 1318 inter
1512 1263 1571 1333 ea,

408 1366 474 1444 hoo
502 1376 557 1442 est
585 1362 677 1440 inter
706 1361 813 1456 viros,
844 1363 1090 1442 contentiones
1118 1375 1154 1442 et
1182 1363 1281 1440 rixae
1310 1362 1384 1466 (1).

487 1497 523 1566 t.
554 1486 646 1564 Huic
674 1499 792 1566 autem
829 1485 995 1581 veritati,
1020 1487 1131 1592 Ι00001
1160 1488 1237 1566 iure
1275 1487 1382 1567 etiam
1420 1499 1570 1601 naturae

407 1616 518 1693 vetita
546 1614 592 1691 sit
619 1613 833 1719 polygamia,
866 1612 1045 1708 obiicitur,
1076 1611 1159 1691 oiim
1193 1616 1303 1690 Deum
1341 1611 1567 1718 dispensasse

408 1739 446 1816 iu
474 1736 542 1814 hac
567 1738 808 1839 monogamiae
835 1734 913 1838 lege
940 1761 1020 1814 oum
1044 1735 1175 1842 populo
1194 1736 1404 1815 Israelitico.
1435 1739 1579 1815 110000-

400 1865 473 1938 ¹soit
501 1872 621 1938 tamen
649 1858 842 1938 difficultas
870 1863 901 1938 si
930 1886 1009 1939 cum
1038 1860 1214 1938 communi
1243 1863 1317 1939 DD.
1349 1861 1578 1941 animadver-

406 1999 503 2066 tatur
525 2015 543 2060 a
562 1984 599 2062 in
618 1983 688 2063 duo
707 1983 819 2063 veluti
833 2009 977 2087 genera,
995 1999 1037 2062 ut
1051 1983 1168 2062 vorbis
1183 1997 1264 2062 utar
1279 1985 1461 2066 Benedicti
1475 1987 1568 2083 xrt,

405 2125 556 2190 naturae
572 2123 760 2214 praecepta
781 2107 974 2212 distingui3
997 2123 1033 2188 et
1052 2133 1173 2188 eorum
1191 2108 1335 2213 quidem
1355 2109 1475 2216 aliqua
1493 2136 1571 2190 esse

404 2248 576 2340 tanquam
599 2233 819 2340 primigenio
846 2234 996 2312 aliorum
1021 2233 1228 2340 principia·
1252 2234 1321 2312 alia
1350 2259 1433 2314 vero
1459 2236 1570 2315 veluti

403 2359 665 2464 consequentia,
694 2383 786 2462 quae
815 2385 836 2434 a
854 2361 979 2462 primis
999 2358 1069 2436 illis
1089 2360 1267 2438 oriuntur.
1290 2361 1406 2438 Prima
1435 2360 1497 2438 illa
1516 2366 1576 2439 in·

399 2482 613 2562 uariabilem
633 2481 822 2587 quamdam
842 2481 1068 2560 rectitudinis
1083 2483 1242 2585 regulam
1261 2485 1297 2560 in
1312 2509 1350 2562 se
1370 2485 1566 2580 continent,

404 2633 497 2711 quae
524 2605 659 2683 nuliius
687 2606 896 2684 mutationis
915 2603 1270 2710 antdispensationis
1298 2620 1353 2686 est
1380 2631 1506 2712 capax,
1529 2622 1571 2687 ut

404 2745 458 2810 est
486 2743 715 2836 praeceptum
748 2730 890 2808 amandi
923 2735 1049 2824 Deum
1087 2729 1290 2808 abstinendi
1319 2757 1339 2808 a
1369 2730 1565 2827 mendacio,

403 2855 546 2960 aliaque
574 2853 715 2933 divinae
743 2853 831 2956 legis
859 2854 976 2958 capita
1003 2879 1096 2958 quae
1124 2855 1162 2932 in
1190 2854 1356 2960 decalogo
1384 2881 1571 2961 exponun-

404 2993 476 3058 tur.
501 2979 741 3058 -Posteriora
769 3001 853 3054 vero
881 2977 1038 3080 regulam
1058 2978 1192 3082 pariter
1212 2980 1396 3059 continent
1421 2981 1572 3060 rectitu-

404 3103 513 3197 dinis,
546 3103 594 3179 ita
622 3114 742 3180 tamen
770 3113 810 3178 ut
839 3099 1117 3180 circumstantiis
1145 3125 1263 3181 rerum
1282 3115 1317 3181 et
1336 3128 1568 3208 personarum

403 3227 564 3322 mutatis,
597 3240 632 3305 et
660 3229 737 3331 ipsa
764 3225 896 3304 mutari
910 3226 1069 3329 possint,
1091 3225 1271 3306 mediante
1285 3227 1564 3331 dispensatione,

403 3376 495 3458 quae
511 3363 631 3429 tamen
647 3377 667 3427 a
683 3350 757 3428 sola
773 3360 889 3454 potest
904 3351 1116 3430 auctoritate
1132 3350 1252 3429 diviua
1267 3352 1470 3456 procedere.
1494 3414 1503 3431 .
1524 3415 1532 3430 .
1554 3415 1563 3430 .

402 3480 529 3580 Itaque
558 3475 603 3552 ad
633 3474 724 3551 hanc
743 3473 935 3552 secundam
956 3473 1172 3554 naturalium
1187 3491 1457 3582 praeceptorum
1477 3476 1569 3554 olas-

403 3621 477 3674 sem
505 3592 691 3672 001000010
710 3593 841 3671 000100
860 3593 1116 3696 monogamiae,
1139 3596 1232 3672 circa
1246 3619 1354 3699 quam
1373 3597 1567 3700 aliquando

402 3717 498 3792 Deus
514 3711 559 3790 ad
579 3725 720 3816 tempus
740 3710 903 3806 indulsit,
922 3723 974 3807 ut,
997 3737 1039 3790 ea
1058 3737 1129 3791 uon
1150 3713 1329 3812 obstante,
1351 3715 1473 3821 plures
1492 3777 1501 3794 .
1523 3779 1532 3794 .
1553 3777 1562 3793 .

407 3837 495 3916 duci
519 3849 664 3941 possent
691 3859 862 3914 uxores»
893 3835 966 3940 (2).
987 3861 1014 3896 ·-
1034 3841 1154 3916 Potoit
1173 3851 1292 3918 autem
1311 3844 1406 3918 Deus
1434 3841 1471 3918 in
1500 3841 1567 3918 hac

401 3961 558 4042 naturali
586 3959 827 4062 monogamiae
855 3960 931 4063 lege
959 3960 1166 4066 dispensare
1190 3965 1235 4043 ob
1256 3964 1361 4044 finem
1390 3965 1571 4044 honestis—

401 4085 543 4180 simum,
576 4083 743 4162 nimirum
772 4082 815 4162 ob
844 4082 998 4163 favorem
1026 4087 1147 4191 populi
1175 4087 1356 4168 israelitici
1394 4089 1572 4195 multipli-

471 4312 505 4384 (1)
525 4311 574 4369 cfr
592 4313 717 4372 Sanchcz
735 4313 785 4371 cc't.
808 4313 859 4371 tto.
879 4319 907 4372 ⁷.
928 4316 1002 4388 disp.
1023 4323 1068 4373 80.
1089 4332 1104 4373 a
1125 4333 1155 4376 u.
1177 4325 1193 4373 0
1213 4319 1248 4376 ad
1267 4325 1294 4377 9.

472 4399 506 4470 (2)
525 4399 691 4459 Benedictus
711 4404 770 4458 xlv
789 4403 824 4459 de
840 4403 958 4475 synodo
979 4404 1030 4462 ctu.
1051 4411 1094 4464 05.
1122 4421 1186 4479 cup.
1206 4412 1251 4465 00.
1272 4425 1301 4465 0.
1323 4414 1350 4464 a.
1371 4437 1404 4448 -
1423 4407 1471 4466 Ctr
1496 4409 1569 4465 Leu-

397 4488 516 4546 reoium
535 4487 586 4544 lib.
608 4495 633 4544 0.
654 4491 701 4547 ut.
723 4496 748 4546 0.
767 4496 879 4562 quucrt.
902 4497 962 4548 070.
982 4509 1034 4550 uu.
1057 4499 1118 4553 0-2.
