3456 5300
840 447 1016 512 -106-

352 574 516 654 trimonio
544 599 607 680 per
626 598 737 652 novas
756 575 917 654 conversi
938 575 1098 680 nuptias,
1122 573 1301 677 integrum
1320 572 1389 650 erit
1416 571 1519 650 alteri

351 725 494 806 quoque
523 699 663 802 coniugi
692 700 790 778 aliud
818 700 909 779 inire
937 697 1201 778 matrimonium
1230 699 1430 777 nonsolum
1458 725 1523 776 va-

355 825 440 918 lide,
472 823 534 902 sed
563 837 599 902 et
627 823 737 918 lioite,
769 837 844 902 tum
873 823 903 902 si
938 822 983 900 ad
1021 821 1126 901 fidem
1163 835 1406 916 eonvertatur,
1443 835 1519 900 tum

354 948 474 1041 etiam,
506 960 547 1025 ut
575 946 793 1026 communior
821 945 931 1026 habet
959 947 1153 1041 sententia,
1185 947 1215 1024 si
1245 945 1282 1024 in
1311 945 1520 1026 infidelitate

352 1083 556 1176 perseveret
585 1071 659 1178 (t).

307 1263 310 1270 ,
431 1197 619 1272 Praeterea
633 1193 766 1272 nedum
784 1218 848 1299 per
868 1192 966 1272 aliud
981 1191 1245 1271 matrimonium
1260 1190 1389 1285 fidelis,
1407 1188 1470 1270 sed
1482 1203 1517 1268 et

352 1342 415 1423 per
438 1318 692 1423 professionem
721 1316 925 1423 relipiosom
941 1345 961 1394 a
976 1318 1126 1420 coniuge
1146 1341 1318 1396 eonverso
1336 1317 1515 1408 emissam,

352 1445 452 1549 prius
480 1443 750 1522 matrimonium
780 1443 912 1524 resolvi
938 1443 1057 1522 uerius
1076 1444 1273 1548 affirment,
1302 1441 1420 1545 inquit
1447 1443 1523 1517 Ma-

352 1568 453 1647 sohat
473 1567 547 1675 (2),
572 1577 609 1646 S.
634 1576 902 1654 Beneventum,
934 1567 1088 1646 Senones
1116 1582 1185 1646 eto.
1210 1565 1285 1672 (3).
1308 1569 1386 1644 Non
1401 1579 1521 1644 tamen

354 1691 505 1770 solvitur
532 1715 596 1796 per
633 1717 812 1770 saerorum
850 1692 1111 1796 susceptionem
1140 1689 1327 1784 Ordinum,
1368 1703 1432 1766 aut
1458 1711 1523 1793 per

355 1829 475 1894 votum
504 1814 689 1896 absolutae
718 1815 909 1910 eastitatis,
942 1827 982 1894 ut
1009 1814 1205 1894 eommunis
1234 1817 1308 1891 Dl).
1340 1813 1520 1892 sententia

355 1939 471 2018 dotet.

439 2075 501 2144 15.
534 2064 666 2166 Nequit
695 2076 815 2141 autern
842 2063 971 2140 ooniux
999 2086 1192 2140 eonversus
1221 2061 1397 2140 seeundas
1430 2061 1521 2139 inire

355 2190 514 2296 nuptias,
546 2188 615 2266 nisi
644 2188 743 2292 prius
771 2187 954 2289 coniugem
984 2184 1102 2264 adhue
1129 2184 1308 2265 infidelem
1327 2185 1519 2281 monuerit,

356 2339 421 2393 seu
448 2310 748 2418 interpellaverit,
778 2325 819 2390 ut
846 2323 985 2390 eonstet
1012 2310 1192 2406 videlieet,
1219 2311 1306 2391 velit
1324 2337 1367 2390 ne
1381 2323 1418 2390 et
1446 2311 1520 2416 ipse

351 2437 455 2543 fidem
483 2435 665 2540 ontpleeti,
695 2447 758 2514 aut
785 2460 849 2540 pro
877 2459 1023 2513 oasuum
1051 2435 1332 2516 circumstantiis
1352 2450 1388 2516 et
1403 2437 1521 2538 regio·

352 2589 437 2642 num
464 2561 636 2654 moribus
669 2573 708 2638 ut
736 2558 827 2638 inira
855 2558 1070 2656 videbimus
1102 2559 1188 2639 velit
1215 2561 1417 2668 nepoeifiee
1436 2586 1517 2638 eum

354 2713 518 2766 converso
546 2685 707 2764 lobitore
735 2685 810 2764 sine
836 2685 901 2764 Dei
929 2685 1157 2772 contumelio,
1187 2713 1248 2765 nec
1274 2686 1412 2792 fidelem
1435 2711 1522 2791 per-

358 2811 499 2890 traheres
529 2809 576 2888 od
600 2821 797 2915 petentum.
821 2812 972 2888 -Ratio
1000 2823 1112 2916 patet,
1135 2812 1219 2916 quia
1239 2811 1333 2890 siout
1352 2813 1389 2890 in
1408 2811 1519 2890 dubio

354 2935 397 3016 de
425 2947 537 3013 morte
566 2932 694 3038 prioris
723 2933 897 3036 coniugis,
928 2935 1169 3014 necessarium
1188 2947 1243 3013 est
1262 2935 1458 3039 inquirere,
1481 2937 1523 3014 n't

355 3083 470 3162 nuper
497 3056 652 3134 diximus
680 3053 755 3162 (t),
787 3081 833 3134 an
860 3056 920 3136 ille
948 3069 1109 3136 mortuus
1137 3059 1254 3162 reipsa
1282 3059 1343 3152 sit,
1374 3071 1415 3136 ut
1434 3059 1526 3138 alter

355 3183 484 3260 eonius
512 3180 688 3259 secundas
716 3180 834 3258 valeat
862 3181 952 3260 inire
981 3182 1145 3286 nuptias3
1178 3184 1229 3260 sie
1261 3196 1302 3262 ut
1330 3207 1524 3260 conversus

355 3303 483 3382 eoninr
513 3305 557 3381 ad
586 3303 657 3381 alia
685 3305 798 3408 possit
826 3318 907 3384 rota
936 3305 1123 3384 oonvolare
1151 3331 1195 3385 err
1222 3307 1345 3386 divino
1378 3306 1525 3410 privile-

356 3431 411 3534 gio
439 3453 503 3534 per
532 3429 680 3506 Paulum
708 3429 945 3533 promulgato,
977 3431 1229 3536 inquirendum
1249 3443 1304 3509 est
1327 3456 1374 3509 an
1393 3431 1523 3509 ooniux

355 3554 509 3632 infidelis
538 3553 655 3657 reipsa
683 3553 856 3640 discedot,
886 3554 987 3633 iuxta
1016 3557 1175 3661 Apostoli
1203 3555 1375 3660 phrasim.

436 3687 499 3758 16.
532 3683 617 3757 Cum
646 3676 756 3780 igitur
784 3677 1070 3782 interpellatione
1106 3680 1266 3783 coniugis
1298 3680 1452 3759 infidelis
1481 3703 1524 3758 ea

355 3804 492 3881 rationo
521 3827 611 3907 opus
640 3803 701 3896 sit,
733 3815 774 3881 ut
802 3801 845 3880 de
874 3804 1033 3883 eiusdem
1047 3803 1255 3883 discessione
1274 3819 1427 3899 constet,
1451 3829 1526 3882 rne-

355 3926 424 4004 rito
453 3925 611 4004 Sanehez
640 3923 896 4027 obligationem
916 3927 1216 4033 interpellationis
1231 3927 1360 4042 limitat
1379 3953 1443 4009 seu
1463 3952 1526 4007 er-

427 4186 464 4262 [1]
485 4187 611 4244 Sanolrez
630 4188 682 4245 tto.
703 4195 729 4247 7.
751 4190 827 4262 disp.
848 4195 892 4248 77.
912 4207 943 4249 n.
965 4197 993 4247 6.

425 4275 463 4348 (2)
486 4277 612 4334 Masehat
631 4279 703 4334 Inst.
724 4293 790 4336 oon.
813 4277 866 4336 lio.
886 4285 911 4336 t.
933 4279 982 4336 ttr.
1003 4283 1046 4335 tt.
1067 4296 1097 4336 n.
1118 4286 1153 4354 9.⁸

425 4363 464 4438 (3)
484 4367 516 4420 V.
537 4365 663 4422 santhez
684 4365 737 4422 lib.
757 4370 784 4421 7.
804 4366 881 4438 disp.
901 4373 945 4422 76.
966 4383 997 4423 n.
1019 4372 1045 4422 9.

426 4451 465 4524 (l)
484 4453 663 4510 Procedens.
682 4468 734 4510 nn.
754 4460 818 4510 8-9.
