3402 5292
689 505 725 520 -
747 475 806 536 tto
828 507 864 520 -

191 592 482 710 committendum
515 621 592 676 esse
625 599 813 678 Ordinatio
849 600 1043 706 hispalensi
1081 603 1135 708 (in
1172 603 1354 707 praesenti

190 738 274 792 oasu
303 717 492 797 Ordinatio
519 721 741 828 coniugum);
773 723 938 804 informa
966 726 1220 821 eommissaria,
1251 727 1353 807 iuxta

189 837 460 920 instructionem
489 842 642 923 dandam
671 873 691 924 a
721 851 762 925 1).
785 849 996 944 Seeretario,
1020 849 1144 929 audito
1164 847 1354 930 defensore

189 961 403 1042 matrimonii
426 996 460 1042 ›.

266 1090 363 1168 Haeo
391 1103 511 1170 tamen
539 1095 670 1190 omnia,
701 1121 793 1200 quae
820 1121 885 1201 pro
912 1098 981 1176 mei
1006 1097 1185 1176 tenuitate
1214 1098 1349 1202 ingenii

185 1208 342 1313 proferre
371 1215 507 1309 censui,
538 1241 580 1294 ea
607 1243 678 1322 qua
706 1233 875 1324 parerat
909 1222 1124 1315 reverentia,
1156 1222 1350 1326 sapientis-

184 1332 272 1410 simo
299 1338 336 1412 S.
368 1340 405 1415 C.
437 1342 474 1416 C.
507 1341 875 1421 Eminentissimornm
912 1347 1058 1423 Petrum
1096 1343 1226 1424 iuditio
1280 1345 1380 1426 hu-.

186 1457 330 1537 millimo
359 1459 584 1569 libenterque
613 1465 762 1546 subieci.

335 1705 370 1779 Β.
397 1705 427 1780 d.
452 1706 584 1782 donodit
604 1711 646 1785 ed
667 1697 836 1804 proposita
857 1711 954 1786 tutia
976 1729 1179 1804 mmomnn.

314 1923 507 2027 Propositis
535 1922 672 2002 dubiis:

259 2047 290 2121 1.
322 2049 376 2122 dn
405 2046 585 2126 sententia
622 2047 746 2132 Curiae
783 2048 994 2154 episcopalis
1027 2049 1074 2128 sit
1103 2046 1344 2127 confirmanda

180 2165 237 2242 rel
267 2165 477 2246 infirmanda
505 2169 542 2246 in
570 2194 670 2246 oasu.

313 2297 359 2372 Et
386 2307 567 2398 quatenus
595 2292 755 2398 nepetino
782 2291 827 2370 ad
855 2292 1004 2397 primam
1037 2304 1206 2398 partem,
1238 2291 1344 2400 aspir-

179 2415 311 2493 mative
338 2415 383 2494 ad
411 2415 621 2495 seeundam:

256 2543 307 2617 ΙΙ.
338 2547 392 2618 dn
424 2540 472 2618 sit
508 2539 765 2619 consulendum
796 2543 901 2618 SSmo
934 2565 1041 2644 super
1075 2537 1340 2642 dispensatione

177 2664 392 2744 matrimonii
420 2665 489 2743 rati
517 2678 554 2743 et
580 2689 652 2744 non
680 2665 913 2744 consummati
941 2664 979 2741 in
1006 2688 1112 2742 oasu:

241 2771 290 2866 ’8.
323 2787 554 2889 Congrogatio
582 2787 740 2880 Conoiiii,
758 2813 865 2866 eausa
893 2787 1036 2890 cognita
1050 2787 1089 2864 in
1105 2785 1257 2866 eomitiis
1272 2787 1339 2866 ha·-

176 2911 261 2993 bitis
288 2913 346 2994 die
376 2923 423 2994 et
454 2915 605 2994 ianuarii
636 2923 751 3010 1871,
782 2913 995 3020 respondere
1023 2913 1184 2991 sensuit:

255 3039 348 3118 «dd
377 3044 408 3118 1.
440 3040 661 3120 Sententiam
688 3064 765 3118 esse
793 3037 1084 3132 confirmandam,
1115 3037 1225 3116 uetito
1258 3039 1339 3118 viro

173 3163 330 3242 transitu
343 3163 391 3242 od
405 3162 497 3242 alios
508 3161 874 3270 nuptias,ioooosulto
888 3187 992 3241 sacro
1006 3161 1281 3266 Conprepotiooe
1299 3193 1334 3241 ›.

255 3287 344 3365 «Ad
375 3291 423 3366 ll.
446 3287 630 3364 Provisum
648 3317 682 3364 ›.

252 3415 366 3490 Causa
394 3412 523 3490 iterum
552 3437 596 3490 ex
625 3409 739 3488 offioio
765 3409 947 3515 proposita
963 3410 1000 3488 in
1020 3409 1172 3490 comitiis
1201 3409 1337 3490 habitis

172 3533 229 3612 die
258 3543 307 3614 et
334 3535 454 3614 martii
484 3543 599 3628 1871,
631 3533 676 3612 ad
705 3547 894 3612 eonsuetas
921 3531 1111 3613 dubiorum
1144 3533 1331 3614 formulas:

171 3661 202 3735 l.
233 3663 287 3736 dn
315 3658 363 3737 sit
391 3657 559 3737 standum
587 3657 643 3734 vel
680 3655 915 3736 resedendum
944 3683 965 3735 a
992 3657 1126 3738 daeisis
1154 3657 1192 3736 in
1218 3658 1334 3762 primo

170 3779 279 3862 dubio
306 3783 344 3862 in
372 3807 478 3878 oasu;
501 3785 594 3862 -11.
627 3785 681 3858 dn
708 3781 755 3858 sit
783 3780 952 3860 standum
981 3782 1037 3860 rel
1057 3781 1335 3860 reeedenduma

170 3901 297 3981 deoisis
325 3903 362 3981 in
390 3902 546 3982 seeundo
573 3902 611 3980 in
639 3927 747 3980 oasu:

247 4029 284 4104 S.
316 4026 549 4130 Congregetio
578 4023 781 4130 respondit:
814 4025 865 4102 nd
894 4029 911 4102 1
940 4039 975 4104 et
1005 4029 1041 4104 11
1073 4024 1112 4102 io
1140 4024 1277 4104 decisis.

247 4153 354 4229 Porro
381 4177 492 4255 quum
511 4150 614 4254 lapsu
634 4147 803 4253 temporis
822 4148 927 4227 Caius
946 4174 1011 4227 suo
1030 4148 1229 4228 ostenderit
1248 4148 1335 4252 Epi-

168 4298 287 4379 aoopo,
318 4299 356 4352 se
386 4273 430 4352 ad
459 4273 674 4352 matrimonii
702 4271 816 4350 offitia
836 4272 1054 4376 praestanda
1074 4273 1229 4352 habilem
1249 4298 1335 4350 era-

168 4398 269 4493 sisse,
301 4397 551 4503 supplicesque
579 4394 693 4474 eidem
719 4419 842 4500 preoes
860 4395 1075 4500 porrexerit,
1098 4407 1139 4476 ut
1155 4422 1176 4474 a
1192 4420 1330 4475 summo
