3424 5300
877 457 1052 520 -rtu-

385 605 603 659 communem
631 605 708 660 eam
728 580 860 660 dixerit
874 580 1075 686 opinionem
1090 581 1284 674 Bonecina,
1306 587 1550 684 quamtamen

383 702 615 808 reprehendit
641 715 678 782 et
705 705 863 807 exagitat
896 709 1088 807 legnanus
1120 702 1200 809 (1),
1232 729 1273 782 ac
1306 701 1385 782 ideo
1413 701 1549 780 nullum

383 828 427 908 de
454 855 496 908 ea
524 828 693 908 iudicium
721 827 855 934 profert
883 829 975 908 idem
1003 826 1218 907 Benedictus
1236 831 1316 906 lllV
1344 827 1359 931 (
1388 825 1419 930 ).

464 961 527 1034 10.
557 957 654 1032 Haec
681 951 799 1056 quoad
827 965 1040 1058 potestatem
1067 950 1299 1058 dispensandi
1328 950 1374 1028 ab
1403 951 1550 1057 impedi·
1690 947 1691 1028 l

383 1077 514 1157 mentis
550 1079 812 1156 matrimonium
851 1077 1104 1158 dirimentibus
1139 1078 1342 1156 meminisse
1378 1089 1433 1156 sat
1470 1099 1546 1154 esse

386 1201 487 1281 duri.
512 1247 535 1261 -
554 1202 607 1281 bd
635 1225 762 1280 causas
790 1216 910 1283 autem
938 1202 1035 1308 quod
1054 1205 1184 1282 attinet
1198 1227 1263 1307 pro
1281 1200 1546 1307 dispensatione

382 1324 590 1420 obtinenda,
621 1339 729 1430 atque
757 1325 802 1404 ad
831 1352 872 1406 ea
900 1352 992 1432 quae
1020 1326 1230 1432 exponenda
1259 1339 1402 1405 suntne
1430 1324 1547 1403 subre-

377 1448 490 1554 ptitia
516 1449 572 1528 vel
587 1447 775 1554 obreptitia
793 1451 840 1528 sit
860 1449 1094 1554 dispensatio,
1117 1449 1326 1529 consulendi
1363 1461 1448 1527 sunt
1466 1473 1548 1554 pro-

380 1574 455 1653 bati
484 1572 645 1653 doctores
671 1575 881 1678 praesertim
909 1575 1079 1679 theologi,
1097 1577 1153 1654 vel
1169 1574 1261 1653 inira
1281 1575 1471 1653 instructio
1489 1601 1547 1652 su·
1691 1565 1692 1658 l

377 1723 443 1804 per·
471 1697 790 1804 dispensationibus
818 1699 1144 1780 matrimonialibus
1173 1699 1246 1805 (3).

828 1951 1001 2039 OAPU'P
1034 1952 1100 2038 VI.

515 2205 564 2286 De
591 2206 667 2286 toro
695 2213 923 2308 competente,
951 2207 994 2287 de
1023 2197 1256 2310 prooessrt'et
1284 2207 1404 2289 iudicio

698 2329 730 2408 in
759 2329 879 2409 causis
908 2329 1223 2413 matrimonialibus.

457 2577 540 2652 Post
568 2573 694 2651 initum
725 2573 986 2653 matrimonium
1014 2577 1043 2654 si
1073 2574 1218 2682 aliquod
1238 2577 1426 2682 detegatur
1454 2577 1541 2657 diri-

377 2721 476 2774 mens
505 2695 809 2802 impedimentum,
841 2699 993 2778 servatis
1007 2701 1051 2779 de
1072 2701 1149 2780 iure
1177 2703 1376 2797 servandis,
1400 2703 1543 2782 veldis·

376 2820 585 2924 pensatione
618 2820 722 2899 modo
754 2821 933 2900 ordinario
967 2825 1022 2902 vel
1056 2825 1322 2940 dispensatione
1356 2830 1394 2903 in
1422 2826 1540 2905 radice
1693 2835 1694 2846 '

375 2942 595 3022 revalidatur
632 2946 849 3048 coniugium,
880 2946 976 3050 quod
1004 2963 1149 3028 extante
1186 2949 1416 3030 ecclesiastici
1454 2951 1540 3029 iuris

376 3067 628 3171 impedimento
657 3069 795 3148 irritum
816 3069 896 3148 luit.
915 3117 939 3130 -
954 3075 998 3148 tlt
1017 3071 1047 3149 si
1067 3071 1332 3177 dispensatione
1353 3073 1538 3153 revalidari

375 3207 544 3296 nequeat,
577 3209 663 3298 puta
691 3195 721 3272 si
751 3207 877 3297 agatur
905 3193 948 3270 de
978 3194 1227 3300 impedimento
1256 3199 1344 3274 iuris
1372 3211 1536 3290 naturae,

375 3317 431 3394 'vel
459 3332 579 3422 partes
609 3319 719 3398 velint
739 3343 839 3397 suam
860 3319 1039 3397 vindicare
1059 3335 1175 3400 status
1194 3322 1410 3417 libertatem,
1433 3347 1539 3400 causa

374 3441 604 3546 proponenda
632 3457 686 3521 est
714 3467 830 3522 coram
860 3455 1080 3548 competente
1095 3445 1216 3524 iudice
1245 3445 1362 3550 quoad
1392 3443 1540 3550 impedi-

267 3645 280 3678 ,
374 3565 483 3643 menti
512 3565 752 3660 existentiam,
785 3591 848 3644 seu
877 3564 921 3644 ad
950 3591 1093 3646 cansam
1127 3569 1300 3671 agendam
1329 3595 1436 3674 super
1465 3594 1540 3647 ma-

373 3687 528 3766 trimonii
558 3687 739 3782 firmitate,
771 3714 815 3765 an
850 3688 1005 3767 ualidum
1039 3691 1173 3771 scilicet
1200 3693 1256 3772 rel
1284 3695 1422 3773 irritum
1451 3689 1537 3770 illud

372 3811 493 3891 luerit.
518 3859 541 3872 -
560 3817 688 3920 Itaque
722 3813 897 3916 agendum
933 3827 986 3892 est
1018 3819 1053 3893 1ο
1080 3817 1124 3896 de
1151 3820 1231 3922 sero
1263 3817 1538 3923 competentem

372 3937 488 4014 causis
516 3935 861 4034 matrimonialibus3
884 3982 907 3996 -
928 3947 965 4015 2⁰
993 3937 1037 4018 de
1065 3941 1285 4020 accusatione
1312 3967 1353 4019 ac
1373 3941 1538 4044 testifico-

372 4059 465 4138 tione
490 4059 721 4156 matrimonii,
743 4085 806 4139 sen
836 4059 879 4139 de
896 4066 1055 4166 personis
1076 4063 1171 4142 adid
1192 4065 1268 4144 iure
1290 4063 1492 4162 habilibus;
1510 4109 1533 4123 -

441 4289 478 4360 ll)
500 4293 532 4345 lu
551 4305 613 4360 cap.
634 4291 734 4349 nimis.
755 4307 806 4348 nn.
827 4297 920 4348 ,ts-35.
941 4293 975 4349 da
992 4291 1066 4363 filiis
1082 4294 1175 4366 presb.

444 4374 481 4444 ii}
501 4379 603 4434 Bened.
623 4381 690 4444 xit,
703 4379 777 4437 ibid.
797 4397 827 4436 n.
850 4383 875 4434 t.

443 4463 476 4534 l3t
495 4467 650 4538 appendia
668 4471 694 4520 7.
