3406 5302
677 415 713 430 ·-
735 381 792 444 361
816 413 853 428 -

646 543 674 629 t)
699 541 743 614 Ile
766 539 873 634 regis.

259 745 324 816 35.
356 741 403 817 Et
431 737 476 816 ad
504 737 751 816 sustinendam
771 736 974 816 firmitatem
992 737 1208 815 matrimonii
1227 738 1266 814 in
1279 763 1346 816 no-

177 873 252 939 stro
280 887 365 940 casu
393 887 578 968 perperam
607 862 777 966 effugium
809 862 995 966 quaeritur
1023 886 1066 939 err
1104 861 1256 940 secundo
1277 863 1345 969 hy-

178 983 334 1090 pothesi,
366 984 409 1064 de
438 1011 509 1090 qua
542 1011 651 1091 supra
667 985 722 1092 (n.
756 983 838 1088 30),
879 984 1084 1079 asserendo,
1121 985 1255 1064 Titium·
1287 987 1343 1065 uti

178 1131 311 1210 capum
340 1107 546 1186 habendum
574 1134 666 1203 esse,
698 1122 733 1188 et
765 1121 1024 1212 consequenter
1056 1109 1253 1214 quemlibet
1280 1137 1345 1216 pa-

176 1231 325 1310 rochum
353 1233 490 1311 ratione
518 1232 776 1312 iurisdictionis
804 1231 912 1311 inisse
932 1233 964 1310 ei
986 1232 1176 1338 proprium
1205 1233 1250 1312 ad
1270 1261 1345 1311 ma-

177 1356 382 1434 trimonium
410 1355 714 1435 contrahendum:
737 1355 962 1460 priuilegium
978 1369 1098 1435 autem
1117 1381 1221 1434 suum
1241 1355 1344 1436 alteri

177 1480 272 1584 parti
300 1479 527 1558 contrahenti
556 1481 814 1558 communicare
842 1480 1026 1584 potuisse;
1057 1482 1107 1558 ita
1137 1493 1177 1558 ut
1204 1481 1281 1584 ipse
1309 1492 1345 1558 et

178 1601 260 1680 Caia
290 1602 408 1682 aalide
446 1606 689 1684 contraxerint
726 1605 820 1682 inter
853 1629 890 1683 se
926 1605 1190 1684 matrimonium
1227 1629 1344 1684 coram

176 1727 393 1831 parochos.
425 1729 619 1808 Francisci.

258 1851 311 1930 hd
340 1851 408 1930 hoc
435 1855 530 1932 enim
558 1853 727 1956 effugium
754 1851 1011 1931 conficiendum
1026 1845 1160 1933 sufficit
1184 1852 1345 1932 animad-

179 1987 317 2054 vertere
347 1976 512 2080 quisnam
549 1976 627 2056 iure
659 1976 782 2055 haberi
811 1976 924 2081 possit
960 1977 1014 2054 uti
1046 2003 1173 2078 vagus.
1211 1984 1344 2081 Vopum

179 2097 302 2176 definit
330 2100 544 2180 Benedictus
572 2104 651 2180 XIV
681 2099 760 2204 (cit.
792 2107 880 2178 lust.
914 2109 977 2179 33.
1010 2125 1047 2178 u.
1083 2103 1163 2204 10),
1195 2103 1257 2206 qui
1280 2127 1344 2179 re-

172 2219 257 2298 licto
285 2248 347 2300 suo
374 2223 552 2302 domicilio
585 2223 697 2302 sedent
729 2227 767 2302 iu
796 2224 925 2302 euterio
960 2225 1066 2302 terris
1099 2223 1269 2330 inquirit,
1299 2239 1342 2305 ut

177 2372 222 2425 er
251 2349 328 2428 iure
356 2348 659 2455 deprehenditur:
694 2354 826 2430 «Puto
854 2364 975 2430 eutem
1003 2365 1039 2430 et
1066 2351 1133 2430 hoc
1152 2349 1343 2456 procedere

179 2499 340 2586 «posse,
372 2476 525 2580 siquis,
557 2473 732 2553 domicilio
761 2474 897 2570 relicto,
929 2474 1089 2578 navigat,
1113 2475 1181 2553 iter
1210 2474 1344 2554 iaciens

181 2610 372 2701 «quaerat
403 2624 474 2704 quo
507 2623 545 2676 se
578 2596 749 2692 conferat,
785 2611 893 2702 atque
932 2597 992 2676 ubi
1027 2600 1216 2692 consistat3
1257 2623 1340 2676 nam

179 2752 201 2796 ι
224 2721 320 2800 hunc
348 2735 435 2827 puto
463 2724 539 2802 sine
556 2721 743 2834 *domicilio
762 2746 839 2802 esse
862 2752 880 2796 a
910 2720 959 2824 (l.
982 2721 1073 2807 eius,
1089 2725 1128 2822 ᾗ.
1151 2719 1281 2799 Celsus.
1299 2721 1340 2827 ff.

177 2845 227 2924 od
254 2845 541 2952 municipalem).
574 2845 672 2934 Ouod
710 2844 982 2947 intelligendum
1010 2858 1066 2924 est
1098 2857 1174 2922 tum
1202 2843 1233 2922 si
1262 2844 1344 2949 quis

180 2968 374 3049 destinavit
401 2969 464 3050 ubi
501 2969 621 3050 sedem
653 2969 890 3048 collocaturus
922 2971 982 3064 sit,
1019 2981 1093 3046 tum
1127 2966 1344 3048 sinendum

180 3093 392 3192 destinavit;
425 3094 543 3173 adhuc
570 3093 721 3174 enimin
748 3109 899 3200 utroque
915 3119 1000 3174 casu
1019 3093 1197 3173 domicilio
1225 3105 1343 3180 caret,

180 3232 221 3296 ut
247 3233 350 3298 notat
378 3219 535 3298 Sanohez
563 3218 622 3322 (dc
649 3231 760 3297 metr.
793 3218 857 3298 lib:
888 3229 926 3297 3.
958 3219 1050 3324 disp.
1085 3228 1148 3298 35.
1181 3243 1218 3296 u.
1253 3215 1312 3322 3).
1445 3263 1447 3267 f

259 3344 447 3424 Probabile
476 3357 692 3438 autumem,
724 3345 774 3422 ait
801 3343 949 3447 Pirhing
978 3343 1043 3448 (cd
1070 3342 1132 3422 lib.
1157 3350 1193 3420 t.
1212 3341 1341 3420 decret.

181 3467 239 3544 tit.
273 3474 311 3544 3.
342 3469 381 3566 ἓ.
414 3475 451 3544 3.
484 3490 520 3542 n.
555 3463 635 3568 19),
667 3487 773 3567 cupos
801 3489 905 3569 posse
933 3462 1049 3542 valide
1078 3488 1119 3540 ao
1147 3462 1242 3541 licite
1262 3486 1348 3539 con-

180 3588 323 3666 trahere
351 3587 615 3668 matrimonium
643 3612 759 3665 coram
774 3585 936 3692 quolibet
956 3586 1123 3690 parocho,
1147 3611 1253 3690 quem
1273 3584 1346 3662 ele-

180 3715 315 3814 gerint:
347 3711 568 3818 probabilius
590 3725 708 3809 tamen
728 3710 886 3806 videtur,
903 3735 983 3788 eum
1004 3709 1198 3814 parochum
1214 3707 1343 3786 debere

179 3835 352 3915 interesse
381 3835 615 3916 matrimoniis
647 3860 831 3937 vagorum,
863 3835 900 3912 in
929 3834 1030 3914 cuius
1064 3832 1246 3939 parochia,
1279 3854 1342 3934 pro

179 3972 338 4064 tempore
367 3985 437 4064 quo
465 3959 696 4053 contrahunt,
719 3972 921 4038 versantur.
944 3961 1048 4042 Prius
1064 3957 1166 4036 docet
1185 3953 1343 4034 Sanohez

179 4082 233 4189 (l.
265 4109 297 4162 c.
329 4109 367 4162 u.
402 4083 494 4188 tt);
534 4083 712 4189 posterius
751 4081 921 4162 Coninch.
959 4081 1050 4187 (dis.
1084 4089 1148 4158 33.
1185 4077 1267 4158 dub.
1301 4085 1339 4154 3.

179 4233 217 4285 u.
250 4207 488 4312 antetulit,
519 4210 604 4314 quia
632 4221 668 4286 et
704 4205 925 4310 probabilius
957 4202 1140 4310 estquod
1173 4203 1253 4304 vagi
1273 4225 1345 4278 non

178 4357 200 4408 a
230 4330 390 4437 quolibet
427 4332 581 4436 parocho
612 4342 834 4410 sacramenta
872 4328 1011 4434 possint
1047 4329 1242 4434 suscipere,
1282 4321 1346 4404 sed
