3406 5302
688 457 723 472 -
744 425 841 488 207.-

196 529 320 610 iisdem
348 556 411 610 seu
431 532 603 636 antiquis,
623 547 684 612 aut
704 531 837 615 directe
856 532 1043 612 contrariis
1058 530 1216 610 articulis
1234 561 1253 606 r
1274 530 1289 634 l
1317 529 1348 630 ).

197 657 303 736 Ratio
331 671 385 736 est
413 669 488 736 tum
518 657 622 736 timor
649 657 915 738 subornationis
943 659 1101 752 testium,
1132 670 1174 735 ut
1192 679 1354 761 praeser-

196 781 258 860 tim
286 805 329 860 er
359 781 577 862 Clementina
612 781 790 884 colligitur
817 783 891 888 (ἲ),
932 783 1068 887 quain
1106 781 1266 862 terminis
1293 779 1354 858 tir-

194 919 310 984 matur
337 907 519 1012 praedicta
547 906 689 1010 regula3
721 922 795 986 tum
824 915 930 986 etiam
958 906 1042 1011 quia
1069 932 1132 1013 per
1152 905 1354 986 attestatio-

194 1059 278 1111 num
315 1032 591 1137 publicationem
627 1049 748 1140 partes
784 1035 968 1138 litigantes
1004 1033 1164 1114 ulteriori
1206 1033 1352 1114 testium

195 1156 419 1261 productioni
449 1159 675 1252 renunciant,
698 1159 753 1238 vel
770 1185 944 1264 cupresso,
972 1173 1078 1265 prout
1105 1173 1248 1265 peracto
1268 1185 1353 1238 eua-

195 1288 289 1363 mine
317 1284 360 1362 ad
390 1283 518 1364 iudicis
550 1285 864 1388 interrogationem
897 1284 972 1363 lieri
1005 1285 1108 1380 solet,
1144 1285 1200 1364 vel
1227 1285 1351 1364 saltem

196 1407 303 1487 tacite
339 1409 591 1488 consentiendo
628 1411 665 1488 in
702 1409 972 1488 attestationum
1008 1409 1297 1514 publicationem.
1328 1453 1352 1468 -

195 1533 287 1612 Hinc
314 1546 434 1614 autem
461 1547 573 1640 patet,
604 1560 667 1612 cnr
695 1549 774 1639 post
793 1535 1061 1614 attestationum
1079 1532 1353 1638 publicationem

196 1657 241 1737 ab
270 1672 422 1764 utraque
459 1673 560 1764 parte
589 1658 633 1738 ad
670 1658 889 1739 definitivam
928 1685 1040 1764 usque
1077 1660 1290 1739 sententiam
1318 1672 1355 1738 et

197 1783 458 1864 conclusionem
473 1785 510 1864 in
525 1810 630 1864 causa
646 1785 784 1890 possint
802 1809 894 1864 nova
912 1787 1149 1867 instrumenta
1176 1781 1351 1877 exhiberi,

196 1923 236 1988 ut
264 1935 307 1989 ex
336 1909 505 1990 decretali
534 1911 734 1990 innocentii
754 1913 808 1990 Ill
828 1909 902 2015 (3),
924 1911 1008 2015 quia
1028 1911 1066 1988 in
1091 1935 1176 1988 casu
1204 1908 1357 2015 produc

195 2034 302 2116 tionis
330 2036 647 2115 instrumentorum
674 2047 755 2140 post
787 2033 1063 2140 publicationem
1086 2033 1354 2113 attestationum

194 2157 323 2255 tactae,
354 2175 471 2240 cessat
498 2160 764 2240 subornationis
791 2160 908 2254 timor,
948 2161 1010 2264 qui
1043 2160 1167 2240 subest
1194 2159 1225 2238 si
1244 2172 1354 2240 testes

197 2299 345 2390 possent
361 2299 446 2365 tunc
464 2285 581 2364 denuo
596 2284 757 2390 produci.
781 2289 891 2364 Immo
910 2286 1016 2364 etiam
1037 2299 1146 2364 testes
1168 2297 1254 2363 tunc
1272 2309 1355 2389 pro-

197 2406 278 2486 duci
299 2419 448 2512 possunt
467 2431 538 2485 una
558 2431 637 2486 cum
665 2405 915 2500 instrumento,
946 2405 1031 2509 quia
1058 2405 1217 2486 adiectae
1244 2404 1356 2509 scrip-

198 2545 299 2612 turae
327 2533 478 2626 ratione,
509 2545 625 2611 cessat
652 2530 918 2610 subornationis
945 2530 1141 2637 periculum
1170 2529 1185 2635 (
1214 2528 1244 2634 ).

278 2665 315 2735 l.
347 2657 452 2736 Fallit
471 2669 590 2735 tamen
609 2653 791 2762 praedicta
811 2655 933 2758 regula
952 2655 989 2732 in
1008 2655 1172 2760 pluribus
1196 2654 1351 2748 casibus,

194 2781 326 2889 quibus
353 2807 479 2886 nempe
516 2782 623 2860 etiam
652 2795 731 2886 post
759 2779 1028 2860 attestationum
1060 2779 1351 2887 publicationem,

196 2906 301 2986 iidem
331 2908 387 2986 rel
415 2907 475 2984 alii
505 2919 613 2986 testes
642 2931 748 3011 super
776 2905 900 2984 iisdem
929 2906 984 2984 val
1012 2905 1145 2984 directe
1168 2904 1355 2984 contrariis

195 3033 355 3114 articulis
383 3031 500 3112 denuo
528 3031 673 3137 produci
703 3057 743 3110 ae
770 3031 878 3136 recipi
899 3029 1181 3136 possunt-Sed
1210 3029 1351 3123 ceteris,

195 3159 255 3264 qui
284 3157 329 3237 ad
359 3182 432 3236 rem
460 3170 615 3239 nostram
645 3181 715 3236 non
743 3155 937 3260 pertinent,
968 3157 1110 3236 casibus
1127 3155 1355 3262 praetermis·

196 3284 244 3361 sis
272 3283 347 3390 (5),
380 3281 423 3360 de
452 3281 522 3376 his,
553 3281 616 3385 qui
636 3280 680 3360 ad
700 3303 827 3360 causas
853 3281 1129 3362 matrimoniales
1156 3283 1352 3387 pertinent,

197 3406 331 3512 aliquid
359 3401 561 3485 dicendum.
1332 3405 1334 3408 ’

276 3537 317 3608 In
343 3529 459 3610 causis
488 3529 726 3618 matrimonii,
754 3529 861 3611 etiam
888 3545 970 3637 post
997 3533 1264 3614 attestationum
1287 3556 1357 3636 pu-

265 3817 298 3892 (l)
320 3815 389 3878 Vide
409 3817 488 3892 apua
507 3813 625 3893 Plrhtng
644 3817 695 3878 tto.
715 3825 742 3878 2.
763 3821 810 3879 nt.
832 3826 877 3881 20.
897 3833 950 3880 nn.
971 3827 1024 3881 215
1042 3829 1153 3896 rtnqq.
1175 3815 1354 3896 anlmadner·

195 3910 289 3966 siones
311 3911 339 3966 iu
359 3910 499 3968 eiusmodi
519 3911 659 3982 regulam.

264 3995 302 4072 (a)
323 3991 457 4054 clement.
479 3998 599 4055 testibus
617 4005 642 4066 2,
665 3997 843 4068 delentibus,
866 3999 930 4058 ubi:
952 4022 966 4052 ‹<
981 4003 1049 4060 cum
1069 4016 1125 4060 non
1146 4003 1242 4061 minus
1257 4003 1287 4060 in
1306 4019 1354 4077 ap-

195 4086 405 4157 pettattombus,
428 4101 514 4158 qrram
535 4089 564 4144 tn
585 4087 733 4159 principali
754 4103 839 4146 causa
858 4089 1030 4146 subornotto
1046 4090 1085 4148 sit
1104 4093 1236 4150 timendo
1249 4114 1276 4149 ι.

263 4175 298 4248 (3)
319 4181 385 4248 cap.
405 4193 472 4234 cnm
491 4177 656 4246 dilectrice,
679 4179 713 4238 dc
735 4179 791 4250 fide
808 4179 1087 4239 instrumentorum.

264 4266 302 4341 (4)
324 4268 482 4326 Laureolus
501 4267 552 4325 lib.
574 4275 600 4328 2.
620 4270 667 4326 ttt.
688 4276 731 4328 20.
753 4277 866 4343 quant.
886 4275 947 4325 6⁶5.
967 4286 997 4327 n.
1018 4274 1045 4327 5.

267 4354 303 4428 (5)
323 4357 467 4414 tredecim
495 4371 577 4415 casus
608 4357 749 4415 eiusmodi
779 4365 906 4418 recenset
932 4361 1054 4418 Lauren.
1085 4361 1137 4419 lib.
1172 4371 1199 4422 2.
1227 4366 1278 4424 att.
1306 4373 1352 4426 20.

195 4456 305 4528 quant.
326 4456 389 4508 osc.
