3424 5300
624 439 798 502 -ttn-

129 580 163 646 ct
192 567 306 646 irritet
333 565 610 660 matrimonium,
642 564 744 644 cuius
771 588 879 643 causa
907 560 1112 640 favorabilis
1130 576 1199 656 est,
1230 587 1293 640 ex-

129 689 225 770 tendi
255 716 325 770 non
353 689 460 769 debet
487 689 531 767 ad
561 689 705 769 testium
724 687 930 794 qualitates,
948 699 1089 791 praeter
1110 712 1213 766 usum
1233 713 1293 764 ra-

130 814 235 893 tionis
263 817 364 893 iuxta
393 814 505 916 legem
533 825 698 891 naturae.

207 948 270 1018 2t.
307 940 420 1018 Tertio
448 939 601 1041 denique
622 937 813 1017 dicendum
832 951 901 1033 est,
925 937 1096 1044 quomodo
1114 937 1291 1042 parochus

129 1088 168 1142 ac
198 1078 308 1143 testes
335 1064 511 1167 coniugali
541 1063 674 1143 foederi
703 1065 876 1143 interesse
904 1062 1073 1142 debcant.
1106 1065 1234 1167 ltaque

207 1191 238 1267 Ι.
255 1186 449 1267 'Parachus
478 1202 514 1267 et
542 1213 614 1267 aaa
643 1186 752 1266 simul
779 1214 858 1266 oum
877 1213 919 1266 eo
939 1187 1010 1265 duo
1037 1187 1164 1266 saltem
1185 1199 1294 1267 testes

127 1313 340 1394 matrimonii
369 1313 598 1394 celebrationi
627 1314 799 1394 iuteresse
828 1312 974 1408 debent,
1002 1325 1037 1391 et
1054 1337 1124 1391 uon
1144 1297 1290 1406 sufficit,

129 1455 167 1519 at
195 1441 407 1546 singillatim
426 1441 607 1519 intersint.
631 1485 655 1499 -
674 1438 920 1519 Tridentiuum
940 1463 1094 1543 namque
1114 1437 1293 1517 decretum

127 1567 326 1671 copulatam
354 1567 466 1668 exigit
494 1564 640 1671 parochi
670 1590 710 1642 ao
739 1565 884 1643 testium
913 1563 1165 1669 praesentiam.
1286 1600 1290 1608 ·

204 1695 254 1769 ll.
286 1690 424 1769 Debent
452 1702 571 1767 autem
600 1689 773 1768 interesse
802 1713 873 1766 non
904 1700 1043 1766 tantum
1063 1687 1210 1794 physice
1229 1713 1293 1768 seu

125 1841 282 1923 corpore,
315 1814 376 1895 sed
405 1813 608 1901 moraliter,
639 1812 732 1892 idest
751 1815 873 1891 (animo
892 1826 930 1892 et
948 1837 1028 1891 oum
1047 1811 1290 1921 advertentio,

127 1944 173 2020 ita
202 1953 243 2019 ut
262 1939 465 2042 intelligant
493 1938 580 2043 quid
600 1951 729 2039 agatur
749 1936 823 2043 (t).
843 1940 960 2015 -Non
979 1934 1074 2014 enim
1093 1937 1169 2016 iure
1188 1964 1294 2043 prae-

126 2091 206 2144 sens
234 2089 313 2143 esse
341 2077 521 2159 censetur,
552 2062 615 2167 qui
644 2060 746 2140 modo
774 2086 845 2140 non
874 2060 975 2139 adest
1003 2061 1159 2140 humano
1188 2063 1294 2142 intel·

127 2191 239 2293 ligens
268 2201 304 2267 et
334 2188 525 2267 advertens
553 2186 639 2292 quid
669 2199 796 2289 agatur
825 2184 899 2292 (2).
922 2229 946 2245 -
966 2188 1058 2265 Hinc
1091 2188 1225 2267 sufficit
1252 2202 1293 2268 ut

126 2314 245 2418 aliquo
273 2338 381 2393 sensu
409 2312 609 2419 percipiant
636 2311 723 2416 quid
752 2324 893 2413 agatur,
925 2311 999 2389 sive
1027 2312 1105 2390 visu
1134 2313 1209 2391 sire
1228 2341 1293 2393 au-

125 2436 227 2535 ditu;
259 2438 315 2517 rel
343 2437 445 2540 signa
474 2438 599 2516 saltem
629 2435 775 2514 videant
793 2448 829 2513 et
854 2434 1071 2539 intelligant,
1094 2463 1187 2542 quae
1215 2465 1294 2518 mu-

125 2575 225 2642 tuum
241 2561 442 2666 significent
456 2562 644 2667 utriusque
659 2561 772 2667 partis
787 2586 998 2640 consensum
1019 2561 1093 2668 (3).
1112 2563 1153 2641 Id
1174 2578 1292 2644 autem

124 2689 274 2768 maxime
303 2688 347 2767 de
375 2688 529 2794 parocho
550 2686 744 2767 tenendum
758 2699 827 2782 est,
845 2687 922 2792 qui,
935 2681 990 2765 ht
1005 2688 1055 2766 ait
1074 2689 1289 2769 Benedictus

123 2819 200 2893 xlv
213 2845 232 2888 a
243 2815 393 2893 interest
402 2815 625 2892 matrimonio
639 2827 810 2918 tanquam
826 2814 927 2891 testis
942 2814 1213 2893 auctorisabilis
1229 2842 1293 2922 pro

123 2941 329 3019 Ecclesia...
361 2939 492 3017 idcirco
519 2939 664 3045 parochi
683 2936 921 3044 praesentiam
941 2938 1067 3033 voluit,
1086 2953 1127 3018 ut
1142 2940 1179 3017 in
1195 2942 1291 3020 illius

123 3067 301 3171 probitate
317 3066 509 3144 marimum
524 3063 686 3144 veritatis
700 3053 973 3141 fundamentum
984 3076 1160 3144 statueret
1178 3097 1195 3138 »
1213 3066 1288 3172 (t).

202 3194 272 3268 Ill.
303 3192 382 3267 Nou
410 3201 528 3267 autem
558 3187 767 3291 requiritur,
789 3199 829 3264 ut
849 3188 1025 3291 parochus
1052 3201 1162 3292 atque
1182 3201 1291 3270 testes

122 3314 167 3393 ad
198 3314 264 3392 hoc
292 3312 407 3391 vocati
436 3337 499 3390 seu
527 3311 643 3414 rogati
672 3311 853 3406 intersint,
884 3311 947 3390 sed
976 3312 1108 3392 sufficit
1127 3339 1187 3393 eos
1206 3341 1290 3394 casu

121 3439 369 3545 supervenire,
401 3438 457 3515 vel
486 3438 594 3515 etiam
623 3435 765 3515 omnino
794 3436 938 3531 invitos,
975 3439 1223 3547 reclamantes,
1240 3416 1290 3518 'vi

123 3566 178 3644 vel
206 3563 288 3642 dolo
315 3562 479 3642 detentos
508 3563 694 3641 interesse.
717 3562 836 3640 -Sive
857 3563 950 3642 enim
979 3578 1105 3670 sponte
1133 3565 1207 3643 sive
1236 3568 1291 3643 in·

121 3688 194 3768 vite
223 3688 406 3784 intersint,
437 3702 590 3793 possunt
618 3687 702 3766 item
730 3688 929 3791 intelligere
958 3703 1065 3794 atque
1093 3692 1217 3768 testari
1247 3689 1290 3769 de
1333 3694 1334 3697 ‘

121 3813 178 3890 his
207 3838 300 3918 quae
331 3824 518 3914 geruntur.
540 3815 724 3889 -Constat
752 3812 859 3891 etiam
879 3838 922 3891 ex
942 3837 1111 3918 responso
1127 3818 1162 3891 S.
1183 3816 1221 3891 C.
1245 3813 1295 3919 ad*

118 3933 335 4038 Episcopum
363 3933 600 4012 Gienneusem
629 3956 723 4010 anuo
755 3941 851 4012 1581
883 3932 957 4039 (5).

192 4109 228 4178 tl)
249 4107 367 4178 Pirhing
388 4107 439 4163 lib.
462 4114 486 4162 t.
508 4109 556 4165 tit.
576 4112 603 4163 5.
624 4124 655 4162 a.
676 4113 721 4162 22.
743 4122 809 4164 cum
828 4110 984 4166 communi.

194 4198 229 4268 (2)
250 4199 316 4268 Leg.
336 4212 436 4253 coram
459 4196 532 4253 litio
549 4197 580 4269 ff.
601 4197 634 4253 cta
654 4199 683 4253 V.
699 4200 732 4277 55·

194 4288 228 4359 i3l
249 4286 391 4344 Benedim.
410 4289 471 4343 xlv
490 4287 524 4342 dc
542 4286 658 4359 synodo
678 4285 728 4342 lib.
751 4291 793 4342 45.
815 4300 879 4358 cap.
900 4293 945 4343 23.
964 4303 995 4342 a.
1018 4292 1042 4343 t.
1063 4294 1089 4344 et
1107 4296 1134 4344 o.

193 4376 230 4444 {4}
251 4374 393 4432 Benedict.
413 4378 474 4432 xlv
493 4376 526 4431 da
544 4375 660 4447 synodo
678 4376 728 4431 att.
751 4374 803 4430 lib.
826 4379 867 4431 te.
889 4390 952 4447 cap.
973 4381 1016 4433 25.
1036 4391 1066 4431 a.
1087 4382 1114 4432 6.
1157 4398 1160 4402 ’

195 4463 236 4536 (5)
254 4463 338 4534 apuu
358 4463 498 4520 benedict.
518 4465 579 4521 lllv
600 4463 618 4519 l.
639 4480 663 4520 c.
683 4479 714 4519 n.
739 4468 761 4517 t.
1230 4481 1231 4484 ¹
