3402 5292
656 427 693 440 ·-
715 394 773 456 333
795 425 832 438 -

160 516 390 596 attestatione
429 515 496 596 rite
525 543 588 622 per
628 529 809 624 aspeotum
838 517 995 622 eorporis
1032 515 1143 612 edita,
1175 530 1217 595 ut
1243 541 1325 594 mox

160 637 373 720 ridebimus.
1178 669 1181 672 ·

239 766 304 838 26.
337 763 444 838 Porro
464 759 532 836 iarn
551 783 667 863 perse
694 771 807 862 patet,
829 758 1048 864 fripiditotis
1068 759 1209 856 vitium,
1231 758 1327 862 quod

159 895 289 962 natura
326 884 501 978 inolevit,
542 894 753 988 perpetuum
794 884 937 964 omnino
977 909 1069 964 esse.
1115 887 1160 962 Et
1202 907 1328 960 reuera

156 1019 368 1112 perpetuom
395 1031 473 1086 esse
503 1007 746 1112 impotentiam
774 1007 885 1101 illam,
913 1033 1078 1112 quaeest
1106 1006 1328 1112 sripidoao,

161 1155 288 1236 nempe
315 1158 336 1208 a
373 1145 503 1212 natura
530 1130 697 1236 profluat,
721 1131 865 1212 nedum
893 1133 1048 1228 mediei,
1079 1130 1143 1212 sed
1171 1146 1207 1211 et
1235 1133 1327 1210 seori

160 1279 329 1348 canones,
360 1267 531 1334 eteorum
559 1255 772 1360 interpretes
800 1255 959 1336 iudioant
986 1255 1326 1361 ettenentquando

161 1403 227 1483 ope
255 1378 474 1458 medioorum
501 1392 654 1484 nequeat
669 1379 846 1460 adiuvari.
868 1385 913 1460 Et
933 1405 1056 1460 reuera
1085 1405 1165 1486 oap.
1186 1405 1232 1458 ear
1265 1379 1330 1458 fit·-

162 1502 245 1580 tert's
275 1512 313 1596 3,
344 1503 385 1580 de
411 1503 540 1607 fripid.
570 1515 603 1582 et
630 1502 754 1608 meles.
785 1505 977 1610 respondet
1005 1505 1184 1586 Pontifex:
1229 1508 1328 1596 Quod

162 1627 194 1704 si
220 1627 349 1708 vitiem
368 1627 461 1712 iffed
475 1625 639 1709 muliero
655 1639 787 1706 notura
801 1629 1001 1714 contremit,
1022 1655 1084 1708 oee
1098 1655 1161 1734 ope
1174 1629 1328 1708 medien-

162 1777 243 1832 rum
254 1753 386 1857 poterit
405 1751 592 1836 ediooerr',
614 1751 691 1830 niro
718 1751 832 1830 offam
850 1753 1050 1857 aecipiendi
1077 1751 1228 1834 liberem
1256 1754 1327 1832 tri·

162 1877 249 1956 beas
290 1877 516 1981 facultatem.
561 1881 629 1956 Cur
667 1877 754 1956 heeo
799 1878 905 1956 datur
942 1877 1094 1958 faouftas
1131 1879 1201 1958 nisi
1242 1880 1328 1982 quie

162 2001 328 2080 naturale
356 2000 584 2105 impotentiae
612 1999 737 2078 uitium
764 2014 978 2105 perpetuum
1019 2025 1096 2082 esse
1134 2004 1323 2082 oeuseturf

164 2169 188 2184 -
207 2128 262 2204 Et·
281 2149 360 2230 eap.
393 2121 608 2204 laudabilem
636 2133 674 2216 5,
705 2123 780 2202 eod.
812 2125 900 2202 tit:
931 2127 970 2206 Si
1004 2125 1192 2230 sripidites
1216 2128 1324 2230 prius

158 2249 309 2354 probari
337 2277 406 2328 oon
429 2252 557 2354 possit,
585 2247 781 2330 cohabitent
795 2276 861 2354 per
879 2249 1095 2330 triennium:
1111 2275 1179 2355 qoo
1193 2249 1328 2356 elapso,

164 2376 195 2454 si
222 2373 351 2454 molier
375 2401 440 2479 per
467 2373 788 2452 foetentiudieiem
808 2373 918 2479 (idest
936 2397 1000 2478 per
1016 2385 1126 2452 testes
1156 2375 1210 2454 rel
1225 2399 1330 2478 aspe-

164 2513 274 2594 otum,
314 2501 449 2604 Gloss.)
491 2500 532 2578 de
567 2499 647 2578 viro
670 2498 821 2603 probare
843 2497 1027 2612 potuerit,
1061 2498 1154 2604 quod
1180 2525 1260 2578 eum
1287 2525 1329 2576 eo

165 2628 257 2706 coire
284 2651 353 2704 oon
376 2627 505 2730 possit,
533 2624 688 2728 occipiat
701 2622 960 2724 ‹ntem-urge
981 2623 1012 2702 si
1032 2621 1209 2726 frigiditas
1229 2624 1329 2728 prius

166 2749 308 2854 probari
336 2763 453 2853 potest
480 2774 543 2854 per
570 2749 704 2826 iustum
732 2747 916 2836 iudicium,
946 2746 1226 2840 matrimonium,
1258 2771 1330 2829 non

166 2887 351 2978 expectato
392 2873 559 2967 triennio,
597 2871 817 2952 dissolvitur.
849 2875 894 2952 Et
922 2895 994 2974 qua
1033 2869 1161 2949 iterum
1190 2867 1330 2951 ratione

167 3001 235 3080 uisi
264 3000 438 3080 naturalis
480 2997 656 3102 frigiditas
687 3011 859 3100 perpetua
893 2996 1136 3076 indicaretur?
1175 2997 1221 3074 Et
1253 2994 1330 3100 ipso

167 3125 319 3204 triennio
348 3125 503 3229 expleto,
543 3121 629 3228 quid
658 3120 872 3198 matrimonii
908 3120 1112 3200 nullitatem
1144 3119 1328 3215 suaderet,

167 3249 235 3327 nisi
246 3247 420 3326 naturalis
436 3245 641 3346 frigiditatis
655 3243 878 3349 perpetuitas
897 3241 1045 3321 firmiter
1062 3253 1260 3337 teneretur,
1274 3241 1330 3319 ref

168 3375 292 3454 saltem
320 3372 627 3478 praesumeretur?

246 3505 310 3574 27.
342 3496 411 3574 Sed
447 3495 636 3574 audiamus
669 3515 779 3570 unum
816 3489 872 3568 ref
905 3489 1059 3567 alterum
1087 3512 1131 3564 en
1165 3484 1331 3592 pluribus

168 3623 256 3700 iuris
271 3621 527 3728 interpretibus
541 3635 577 3699 et
591 3617 748 3697 modieis.
768 3617 926 3696 Sanohez
942 3613 1010 3720 (De
1025 3617 1188 3693 metr-im.
1207 3611 1269 3689 tio.
1290 3621 1327 3689 7.

166 3747 259 3852 disp.
281 3747 458 3849 noema)
474 3759 637 3824 statuens
651 3741 746 3848 quod
762 3739 969 3845 impotentia
984 3737 1173 3830 naturalis,
1187 3760 1250 3813 seu
1269 3733 1333 3812 fri-

167 3871 295 3976 giditas
323 3871 360 3950 in
388 3869 498 3950 dubio
530 3895 575 3946 an
603 3867 650 3946 sit
678 3865 879 3944 antecedens
909 3863 965 3944 rel
983 3886 1207 3967 consequens,
1228 3883 1332 3964 prae-

169 4007 329 4076 sumatur
356 3993 589 4098 praecessisse
618 3990 894 4082 matrimonium,
926 3987 1040 4064 etsie
1069 3983 1331 4062 matrimonium

170 4145 245 4200 esse
278 4119 428 4212 nullum,
460 4119 553 4198 hono
580 4115 682 4194 affert
710 4115 881 4194 rationem
911 4127 1091 4215 tamqnam
1121 4106 1335 4212 explorotis-

171 4244 307 4322 simam:
341 4273 358 4318 «
382 4251 500 4322 Decor
519 4239 610 4348 qood
629 4237 814 4319 notorofie
830 4237 902 4315 siet
916 4246 1107 4340 perpetuo,
1124 4245 1156 4310 et
1172 4229 1334 4336 poofite-

172 4379 240 4448 tem
255 4396 345 4474 quoe
358 4395 384 4448 e
397 4380 530 4448 eutero
548 4378 614 4452 est,
636 4389 768 4468 semper
787 4363 896 4442 inesse
908 4370 1181 4466 praesumetur,
1198 4367 1237 4436 ot
1248 4380 1337 4461 pro-
