3446 5298
679 482 716 494 -
738 451 796 512 377
820 481 856 496 -

181 599 289 652 causa
317 573 354 651 in
374 521 857 678 praelata·'Congregatione
886 570 1128 652 cardinalium
1165 568 1355 648 tridentini

181 698 327 778 Consilii
370 699 606 802 interpretum
647 696 852 776 introducta
898 695 1021 789 luerit,
1058 719 1183 772 rursus
1215 693 1253 771 iu
1292 718 1355 770 ea-

178 822 257 902 dem
285 822 331 902 ad
359 821 557 900 delensoris
584 822 799 900 matrimonii
827 821 1038 900 instantiam
1073 831 1352 924 reproponatur3

179 950 208 1026 si
241 972 327 1026 vero
363 945 634 1048 congregationi
676 945 885 1050 particulari
923 943 1107 1022 commissa
1146 939 1277 1038 luerit,
1309 941 1355 1018 ad

179 1071 388 1177 petitionem
416 1067 575 1148 eiusdem
602 1067 800 1148 defensoris
838 1068 950 1147 altera
987 1066 1096 1145 etiam
1127 1063 1355 1170 particularis

180 1195 414 1298 Congregatio
437 1191 693 1299 deputabitur;
725 1193 755 1270 si
787 1216 871 1270 vcro
903 1193 941 1270 in
974 1189 1101 1269 Palatii
1136 1189 1249 1268 nostri
1282 1195 1357 1268 lu-

179 1317 309 1418 ditorio
346 1317 505 1396 iudicata
542 1317 604 1410 sit,
635 1343 656 1392 a
689 1314 852 1420 praelato
890 1315 1077 1394 delensore
1110 1313 1351 1418 appellatione

180 1441 406 1546 interposita,
439 1438 485 1518 ab
516 1438 596 1517 aliis
625 1437 858 1518 Auditoribus
886 1439 987 1516 iuxta
1025 1437 1184 1517 ordinem
1220 1436 1257 1514 iu
1292 1463 1357 1542 gy·-
1389 1481 1392 1490 ·

181 1589 260 1642 rum
298 1589 365 1642 seu
393 1575 540 1641 turnum
582 1561 799 1658 definiatur;
831 1564 861 1640 si
889 1575 1009 1640 autem
1041 1586 1150 1639 causa
1187 1560 1356 1638 universo

181 1687 355 1768 tribunali
384 1688 569 1766 commissa
598 1685 719 1780 luerit,
751 1685 796 1764 ab
816 1685 983 1764 omuibus
1013 1684 1249 1765 Auditoribus
1276 1711 1358 1764 rur·

183 1839 246 1892 sus
266 1811 544 1907 examinabitur,
567 1811 730 1890 nolentes
749 1811 906 1906 omnino,
938 1825 979 1890 ut
998 1811 1097 1890 nullo
1117 1812 1155 1889 in
1173 1837 1258 1890 casu
1279 1837 1354 1890 ma-

184 1937 342 2018 trimonii
362 1937 545 2016 vinculum
564 1935 777 2014 dissolutum
797 1949 1001 2032 censeatur,
1025 1937 1095 2015 nisi
1110 1936 1181 2016 duo
1200 1936 1358 2016 iudicata

183 2063 239 2142 vel
255 2063 493 2142 resolutiones
513 2075 576 2140 aut
596 2061 796 2166 sententiae
817 2064 962 2166 penitus
992 2061 1126 2140 similes
1154 2075 1191 2140 et
1218 2061 1358 2146 eonfor-

181 2211 270 2280 mes,
303 2213 323 2263 a
351 2185 484 2291 quibus
512 2209 629 2290 neque
657 2209 754 2289 pars,
786 2210 903 2289 neque
936 2183 1101 2264 defensor
1138 2185 1355 2264 matrimonii

182 2311 376 2390 crediderit
405 2307 672 2415 appellandum,
695 2309 954 2405 emanaveriut;
985 2308 1140 2414 quodsi
1169 2333 1273 2388 secus
1302 2307 1356 2386 fa-

183 2449 278 2514 ctum
300 2433 422 2528 luerit,
454 2445 489 2510 et
509 2457 640 2511 novum
664 2431 792 2510 initum
822 2433 1100 2528 matrimonium,
1130 2447 1274 2512 nostrae
1294 2457 1357 2512 vo-

182 2557 336 2636 luntatis
356 2555 561 2636 huiusmodi
577 2569 859 2658 transgressores
878 2555 1037 2662 poenisa
1057 2555 1167 2634 Nobis
1188 2567 1227 2634 ut
1246 2580 1355 2661 supra

182 2684 333 2761 statutis
352 2681 627 2760 submittantur.

264 2807 303 2906 ἓ.
338 2815 400 2884 15.
432 2807 478 2882 Et
505 2803 673 2908 quoniam
700 2827 806 2907 saepe
836 2803 931 2908 apud
971 2803 1097 2882 Sedem
1125 2803 1356 2909 apostolicam

183 2953 307 3034 preces
327 2927 459 3034 porrigi
488 2928 604 3006 solent
634 2949 699 3032 pro
736 2926 1003 3032 dispensatione
1034 2927 1250 3028 matrimonii
1287 2931 1357 3008 rati

184 3064 220 3130 et
239 3077 311 3130 nou
331 3050 580 3145 consummati,
612 3075 705 3154 quae
732 3051 990 3156 utplurimum
1019 3077 1083 3156 pro
1102 3065 1184 3131 voto
1214 3052 1358 3131 cousul-

185 3174 259 3252 tivo
286 3173 331 3252 ad
360 3175 675 3278 Congregatiouem
708 3178 744 3252 S.
777 3177 829 3251 R:
861 3178 904 3252 E.
941 3175 1181 3255 Cardiualium
1210 3177 1356 3256 concilii

184 3300 441 3403 interpretum,
474 3297 530 3376 vel
558 3321 818 3401 nonnunquam
846 3299 891 3376 ad
920 3298 1076 3404 aliquam
1105 3303 1357 3403 Congregatio·

185 3445 264 3500 uem
293 3421 544 3528 particularem
574 3420 781 3526 deputatam
805 3448 826 3499 a
854 3427 1009 3502 romanis
1037 3424 1270 3504 Pontificibus
1290 3449 1355 3529 pro

186 3559 344 3651 tempore
374 3546 507 3625 remitti
535 3545 664 3638 solent,
695 3558 737 3623 ut
765 3544 970 3626 huiusmodi
1004 3547 1199 3627 instantiae
1231 3549 1356 3629 ordine

187 3699 227 3752 ac
254 3675 322 3752 rite
363 3673 573 3778 procedant,
604 3672 768 3750 volumus
796 3697 837 3750 ac
873 3673 1103 3771 mandamus,
1134 3691 1177 3756 ut
1204 3678 1359 3783 supplex
1394 3699 1397 3708 ·

186 3795 329 3874 libellus
358 3796 468 3875 Nobis
498 3796 552 3874 vel
582 3821 727 3874 romano
764 3795 927 3876 Pontifici
965 3823 1029 3903 pro
1071 3814 1228 3906 tempore
1257 3801 1360 3879 erhi-

185 3917 328 4014 beatur,
352 3919 389 3997 in
408 3945 480 4025 quo
499 3920 604 4025 plena
632 3933 668 3998 et
697 3933 863 3998 accurata
884 3923 994 4000 totins
1014 3920 1097 4002 lacti
1118 3925 1255 4030 species
1274 3947 1359 4003 con-

187 4043 359 4138 tineatur,
390 4067 591 4148 causaeque
619 4065 740 4121 omnes
769 4042 806 4120 in
835 4068 876 4122 eo
905 4045 1166 4148 exprimantur,
1199 4071 1292 4152 quae
1312 4045 1357 4124 ad

185 4167 420 4247 obtinendam
454 4169 603 4272 petitam
641 4167 944 4272 dispensationem
973 4172 1171 4250 conducere
1203 4197 1306 4278 posse
1339 4199 1360 4250 a

83 4313 88 4318 ·
186 4290 411 4396 supplicante
436 4303 643 4384 censentur,
675 4304 716 4369 ut
737 4317 904 4370 romanus
932 4295 1110 4392 Pontifex,
1134 4319 1175 4375 eo
1204 4297 1295 4374 lecto
1323 4307 1359 4373 et

188 4430 325 4494 mature
344 4413 583 4510 considerato,
614 4439 734 4494 secum
754 4415 953 4498 deliberare
978 4421 1104 4524 possit,
1136 4447 1183 4498 an
1210 4421 1357 4526 petitio·
