3406 5302
676 477 847 542 -235-

298 611 331 680 t.
363 605 417 684 An
444 626 487 680 ex
516 601 742 684 iudicialibus
762 607 851 684 actis
869 617 965 684 certo
993 615 1130 682 constet
1157 600 1201 682 de
1220 614 1343 684 mutuo

188 750 229 804 au
256 725 324 805 rite
351 725 522 830 praestito
550 726 596 806 ad
622 727 884 808 matrimonium
912 751 1086 807 consensu
1101 726 1144 804 de
1163 727 1343 832 praesenti

188 850 280 928 inter
308 849 438 928 Titium
457 863 493 930 et
512 852 628 932 Gaiam
656 877 771 932 coram
791 851 944 959 parocho
964 849 1140 930 Ecclesiae
1159 850 1345 955 parochia-

186 974 288 1054 tiss.
319 975 509 1058 Francisci.

293 1109 330 1180 2.
362 1105 415 1180 hn
444 1101 502 1181 hic
529 1101 621 1180 idem
649 1099 825 1205 parochus
852 1099 921 1180 dici
954 1101 1123 1208 potuerit,
1155 1113 1190 1180 et
1217 1125 1356 1206 reapse·

189 1223 295 1306 inerit
321 1226 485 1332 proprius
503 1224 788 1306 contrahentium
807 1227 984 1331 parochus
1003 1227 1058 1304 vel
1077 1250 1197 1304 eorum
1216 1225 1341 1308 saltem

188 1347 409 1446 alterutrius,
440 1353 489 1430 ita
516 1364 559 1430 ut
585 1348 701 1428 valide
721 1375 836 1429 coram
855 1376 897 1430 eo
912 1351 1067 1456 potuerit
1086 1351 1248 1430 contrahi
1267 1376 1342 1430 ma-

188 1475 391 1556 trimonium
419 1477 455 1556 in
484 1501 586 1555 casu:
609 1479 698 1555 -Et
724 1487 902 1582 quatenns
930 1475 1093 1580 negative
1121 1475 1165 1554 ad
1195 1483 1232 1554 2.

294 1610 331 1680 3.
363 1605 416 1680 hn
444 1599 612 1680 sustineri
646 1599 758 1705 possit
790 1599 898 1678 huius
934 1599 1148 1679 matrimonii
1176 1599 1343 1680 validitas

188 1723 243 1802 rel
271 1749 314 1803 ex
342 1723 505 1830 eoquod
539 1723 652 1804 Titius
681 1723 724 1802 ad
754 1722 968 1803 haereticam
1001 1725 1206 1804 sociotatem
1234 1727 1345 1829 perti-

192 1862 289 1944 neat,
321 1849 371 1928 ita
413 1861 454 1930 nt
491 1873 561 1928 non
599 1859 780 1928 teneretur
811 1847 887 1953 lege
921 1876 941 1926 a
973 1847 1168 1928 tridentina
1205 1848 1345 1956 Synodo

188 1973 323 2054 sancita
343 1973 386 2052 de
405 1973 628 2052 matrimonio
647 1997 763 2052 coram
782 1975 923 2078 proprio
942 1972 1097 2078 parocho
1115 1971 1340 2052 celebrando.

270 2107 332 2178 15.
364 2103 391 2174 Α
415 2098 538 2202 primu
565 2095 743 2200 igiturex
772 2096 966 2202 propositis
992 2091 1262 2201 quaestionibus
1290 2096 1346 2174 in·
1383 2156 1388 2165 .

188 2221 329 2327 cipiam,
360 2222 511 2304 scilicet:

566 2383 788 2471 OUhESTIO
817 2385 960 2461 PRIMA

186 2631 230 2706 De
252 2649 409 2706 conamen
430 2629 464 2702 in
487 2649 549 2725 que
570 2629 662 2722 pluro
685 2631 724 2704 de
746 2633 866 2704 nature
880 2648 1058 2706 curremus
1073 2634 1107 2705 et
1122 2627 1236 2704 mahir
1258 2629 1345 2706 eius-

4 2721 16 2798 i
232 2740 301 2812 hen
323 2735 1146 2831 praestanditdrrhderolinrtlitenctriruoniun
1163 2736 1343 2811 iucundum.

179 2869 193 2908 ι

267 2976 309 3062 0.
344 2977 437 3052 «An
465 2985 560 3052 certo
598 2984 736 3050 constet
767 2971 811 3049 de
842 2984 966 3050 mutuo
998 2969 1042 3048 ad
1080 2967 1345 3048 matrimonium
1395 3035 1399 3044 .

192 3121 407 3176 «consensu
435 3095 479 3176 de
506 3095 686 3202 praesenti
714 3095 751 3172 in
779 3119 924 3172 casu.»

266 3220 447 3300 Neminem
458 3219 611 3316 latet,ad
622 3217 835 3298 matrimonii
846 3217 1066 3298 validitatem
1076 3217 1209 3324 requiri
1220 3241 1343 3296 oerum

187 3370 404 3432 consensum,
420 3355 599 3430 mutuum,
615 3343 658 3422 de
667 3343 849 3448 praesenti
875 3353 908 3422 et
927 3343 1040 3422 uerbis
1060 3341 1115 3422 vel
1129 3339 1212 3421 attis
1233 3342 1341 3446 siquis

187 3469 342 3549 cateruis
370 3469 653 3574 manifestatum.
677 3511 701 3527 -
721 3468 933 3547 Huiusmodi
960 3469 1154 3578 propositio
1173 3467 1210 3546 in
1229 3467 1343 3546 omni-

189 3593 254 3673 bus
282 3593 357 3673 suis
385 3591 549 3699 partibus
577 3591 723 3672 evidens
750 3605 805 3671 est
833 3607 908 3672 tum
936 3593 1013 3698 ipso
1033 3593 1180 3672 rationis
1194 3591 1341 3685 lumine,

188 3729 261 3796 tum
289 3743 468 3796 sacrorum
496 3741 670 3794 canonum
698 3716 925 3796 auctoritate.
958 3719 1046 3796 Nam
1074 3715 1168 3822 qnod
1197 3714 1241 3794 ad
1270 3739 1346 3792 ma-

188 3843 342 3923 trimonii
380 3841 533 3922 valorem
569 3839 772 3946 requiratur
801 3866 907 3920 verus
943 3867 1135 3922 consensus
1166 3867 1210 3920 er
1243 3853 1344 3946 parte

188 3967 373 4070 utriusque
402 3963 660 4058 contrahentis,
692 3963 784 4044 idest
812 3979 973 4062 mutnus,
1004 3979 1105 4072 patet
1126 3991 1170 4044 er
1189 3990 1230 4045 eo
1250 3963 1346 4070 quod

187 4089 462 4184 matrimonium,
493 4090 547 4168 uti
574 4101 791 4183 contractus
822 4103 877 4170 est
904 4093 1084 4172 conventio
1111 4091 1204 4172 inter
1231 4091 1346 4170 virum

188 4229 222 4294 et
249 4215 450 4294 mulierem:
486 4237 589 4318 porro
617 4237 800 4291 cousensus
830 4215 1015 4296 constituit
1048 4215 1237 4306 essentiam
1264 4239 1346 4294 coc-

156 4441 159 4448 ι
189 4338 376 4425 vectionis,
405 4337 537 4444 quippe
565 4361 658 4442 quae
685 4349 739 4416 est
767 4337 918 4418 duorum
945 4340 1001 4418 vel
1020 4339 1175 4446 plurium
1195 4337 1232 4416 in
1252 4337 1345 4418 idem

190 4462 359 4568 placitum
386 4486 579 4542 consensus
606 4459 654 4568 (l.
687 4464 724 4538 t.
754 4459 794 4568 ff.
828 4462 871 4543 de
893 4475 993 4569 poet.
1016 4471 1051 4561 ἓ.
1077 4473 1113 4561 1;
1135 4507 1160 4524 -
1179 4467 1272 4544 Inst.
1303 4463 1346 4543 de
