3446 5298
882 541 1058 604 „436-

557 668 633 745 Quo
650 669 730 732 iore
746 663 935 753 impediat;
961 665 1090 754 quibus
1105 665 1369 735 conditionibus
1385 687 1464 758 apo·

513 769 638 839 stolica
670 769 773 838 Sedes
800 769 982 860 dispenset
1006 771 1044 839 in
1067 771 1307 841 matrimoniis
1330 773 1466 842 mixtae

511 875 692 964 religionis
738 926 1337 944 ...........
1374 899 1461 969 pap.
1509 885 1551 948 st

556 985 604 1051 De
636 983 876 1051 ecclesiastica
906 983 1092 1072 disciplina
1123 1003 1193 1072 quo
1223 983 1266 1052 ad
1296 985 1463 1054 assisten-

491 1076 500 1092 ⁰
514 1086 602 1154 tiam
617 1087 759 1176 parochi
776 1093 814 1156 et
830 1087 1116 1157 benedictionem
1134 1088 1169 1156 in
1185 1088 1357 1158 eiusmodi
1373 1091 1462 1158 mix-

512 1193 560 1262 tis
582 1193 753 1282 coniugiis
775 1195 1071 1281 (instructiones)
1089 1227 1458 1262 .......
1500 1197 1548 1265 ilr.

376 1296 459 1364 dar.
485 1301 526 1364 ll.
554 1303 602 1366 De
627 1299 881 1389 impedimento
905 1299 980 1368 ruti
1007 1299 1174 1368 solemnis
1197 1301 1379 1370 castitatis
1402 1303 1461 1372 rel

513 1404 549 1472 in
573 1405 791 1474 Prolessionc
815 1405 976 1493 religiosa
1007 1406 1065 1474 rel
1098 1406 1135 1474 in
1158 1407 1383 1495 susceptione
1407 1429 1460 1477 sa-

512 1533 651 1582 crorum
672 1512 841 1582 Ordinum
866 1513 1060 1602 nuncupati
1087 1563 1389 1582 ......
1440 1543 1456 1578 n
1505 1523 1547 1585 at

553 1619 705 1686 Solemni
723 1619 907 1688 castitatis
929 1625 1028 1704 roto,
1054 1619 1130 1689 sire
1145 1619 1288 1688 Ordinis
1302 1621 1379 1690 sire
1396 1625 1460 1689 tte·

508 1724 659 1812 ligioniS,
675 1725 856 1795 dirimitur
868 1726 1135 1795 matrimonium
1149 1728 1455 1798 contrahendum»
1505 1737 1548 1799 85

551 1834 627 1911 Quo
644 1835 725 1898 iure
748 1832 813 1899 hoc
835 1831 1128 1921 impedimentum
1151 1832 1297 1902 dirimat
1314 1835 1459 1924 nuptias

507 1935 786 2020 contrahendas,
812 1943 850 2005 et
874 1959 919 2006 an
943 1941 1034 2028 Papa
1059 1937 1170 2026 possit
1195 1937 1232 2006 in
1254 1960 1296 2008 eo
1318 1939 1456 2030 dispen-

509 2061 587 2112 sare
610 2093 1386 2112 ..............
1438 2075 1454 2110 r
1502 2053 1545 2114 87

552 2153 605 2216 An
629 2153 667 2217 et
690 2149 793 2239 quale
817 2171 858 2218 eo
882 2151 1029 2220 solemni
1062 2154 1148 2220 roto
1170 2149 1360 2220 dirimatur
1383 2173 1455 2221 ma-

510 2255 717 2324 trimonium
742 2256 811 2324 iam
828 2263 1055 2326 contractum
1081 2307 1385 2325 ......
1434 2288 1450 2322 n
1500 2265 1543 2328 88

552 2363 605 2430 rin
629 2367 667 2430 et
690 2381 759 2453 qua
783 2363 921 2432 ratione
941 2364 1071 2432 coniux
1095 2361 1170 2431 sive
1187 2363 1286 2431 licite
1302 2363 1377 2434 sire
1394 2385 1455 2434 ou-

508 2469 581 2537 tr'de
604 2469 714 2560 possit
738 2471 943 2558 religionem
974 2469 1132 2560 profiteri
1163 2469 1221 2538 vel
1252 2490 1371 2540 sacros
1393 2474 1454 2539 Or-

507 2574 608 2644 dines
630 2576 806 2666 suscipere
844 2627 1386 2644 ..........
1435 2606 1452 2641 »
1501 2583 1542 2647 89

550 2681 603 2750 An
634 2683 743 2752 etiam
774 2684 810 2751 in
834 2684 994 2752 Ecclesia
1022 2681 1203 2750 Orientali
1233 2681 1325 2750 Ordo
1356 2701 1455 2750 sacer

506 2793 545 2855 et
579 2789 750 2885 Prolessio
784 2789 946 2877 religiosa
981 2787 1151 2856 dirimant
1185 2787 1453 2857 matrimonium

506 2879 787 2964 contradendum
845 2941 1382 2962 ..........
1432 2923 1449 2957 n
1498 2901 1541 2964 92

369 2999 609 3068 demittite
641 3001 773 3070 stantis
805 3000 1058 3090 impedimento
1089 2999 1237 3068 foederis
1271 3019 1333 3069 seu
1368 3000 1451 3088 liga·

505 3106 623 3190 minis,
650 3106 709 3176 uhi
734 3112 771 3176 et
788 3107 831 3176 de
844 3106 983 3176 casibus
1008 3109 1115 3194 atque
1140 3105 1350 3190 rationibus,
1375 3107 1451 3196 qui-

505 3213 571 3282 bus
594 3212 725 3282 initum
749 3213 968 3296 dissolvitur,
987 3213 1197 3301 praesertim
1212 3211 1255 3280 de
1268 3232 1351 3280 casu
1369 3232 1450 3280 con-

504 3319 677 3389 versionis
700 3319 912 3388 alterutrius
935 3318 1093 3406 eoniugis
1115 3317 1158 3386 ad
1183 3317 1313 3386 Clrristi
1331 3317 1448 3404 fidem,

504 3444 545 3494 ac
568 3425 610 3493 dc
634 3425 923 3516 interpellatione
947 3425 1052 3491 alteri
1077 3421 1262 3490 iacienda.
1313 3475 1320 3489 .
1372 3475 1380 3489 .
1431 3452 1447 3486 n
1497 3429 1539 3493 97

546 3535 623 3612 Quo
646 3535 728 3600 iore
750 3530 895 3599 dirimat
920 3521 1213 3619 impedimentum
1236 3527 1413 3616 ligaminis
1431 3558 1448 3592 n
1497 3535 1539 3598 98

547 3639 813 3708 Matrimonium
855 3639 1012 3708 fidelium
1050 3645 1337 3704 consummatum
1376 3637 1449 3706 sola

502 3754 613 3812 morte
629 3745 841 3814 alterutrius
857 3743 1015 3831 coniugis
1030 3741 1227 3828 dirimitur3
1242 3741 1449 3830 -quomodo

500 3850 677 3940 probanda
695 3857 816 3921 secuta
833 3851 991 3940 coniugis
1006 3869 1101 3918 mors
1117 3851 1350 3936 (instructio)
1370 3900 1377 3915 .
1428 3877 1444 3912 n
1476 3852 1535 3916 tot

543 3961 640 4037 Quae
672 3957 918 4046 requirantur,
952 3961 994 4024 ut
1025 3955 1293 4024 matrimonium
1324 3963 1448 4022 ratum

499 4064 653 4134 lidelium
675 4065 864 4164 dirimatur
880 4085 941 4153 per
957 4061 1085 4132 summi
1103 4060 1284 4130 Porrtiircis
1307 4059 1445 4150 dispen-

501 4171 675 4242 sationem
723 4219 1377 4238 ............
1427 4196 1443 4230 n
1474 4171 1534 4235 103

548 4277 600 4346 dn
624 4276 759 4346 romani
784 4271 966 4344 Pontificis
987 4279 1148 4363 potestas
1164 4271 1350 4341 dirimendi
1368 4277 1448 4341 rata

503 4383 658 4452 lidelium
682 4381 843 4470 coniugia
868 4381 1084 4450 extendatur
1116 4379 1226 4448 etiam
1254 4377 1297 4448 ad
1325 4377 1448 4446 matri·

499 4489 618 4560 monia
636 4489 672 4558 in
690 4487 901 4557 infidelitate
922 4491 1107 4557 contracta
1134 4537 1378 4556 .....
1427 4512 1444 4549 n
1476 4487 1536 4552 tot
