3406 5302
842 441 1041 500 -ara-

356 591 427 643 nou
447 586 642 665 congruere
659 559 801 638 veritati
822 559 896 636 sive
916 585 957 636 ex
979 583 1113 651 errore,
1136 560 1210 636 sive
1239 585 1283 636 er
1304 559 1519 661 ignorantia,

355 687 430 765 sive
458 709 500 762 ea
531 681 680 774 malitia,
711 678 807 784 qrrod
837 679 944 771 absit,
978 679 1189 783 processerit
1218 678 1368 757 iudex»
1400 681 1414 782 (
1445 678 1474 782 ).
1499 723 1522 739 -

355 815 472 910 Atque
493 805 542 882 ita
572 799 766 880 tenendum
787 799 862 876 sive
882 800 1061 878 sententia
1083 799 1155 877 lata
1176 797 1283 876 luerit
1303 812 1427 877 contra
1447 825 1521 875 ma-

353 923 510 1004 trimonii
538 922 708 1012 valorem,
732 919 805 996 sive
836 944 899 1022 pro
927 945 983 1012 eo,
1015 917 1202 996 declarans
1230 917 1371 996 irritum
1401 919 1524 997 matri-

310 1125 312 1132 .
351 1049 507 1128 monium
536 1043 632 1148 quod
662 1055 740 1122 erat
760 1039 940 1134 validum3
963 1041 1021 1120 vel
1041 1041 1229 1119 declarans
1257 1041 1415 1119 validum
1433 1039 1521 1119 illud

351 1169 445 1274 quod
475 1169 512 1245 iu
541 1165 592 1244 roi
621 1163 771 1241 veritate
800 1175 877 1240 erat
906 1159 1206 1266 invalidorum).
1241 1207 1264 1220 -
1293 1161 1523 1248 Quinetiam

350 1289 458 1368 iudex
487 1313 530 1366 ex
559 1284 689 1377 officio,
712 1295 814 1387 parte
835 1281 942 1359 ctiam
964 1281 1091 1375 inrita,
1111 1293 1255 1358 tenetur
1274 1281 1319 1358 ud
1348 1279 1521 1358 eiusmodi

352 1404 615 1487 retractandam
644 1401 875 1490 senteutiam,
898 1399 982 1503 cruia
1013 1411 1156 1478 tenetur
1176 1414 1324 1504 peccata
1352 1398 1523 1504 impedire

354 1543 390 1608 et
418 1529 558 1618 tollere,
590 1537 626 1602 et
654 1533 795 1600 constat
823 1545 866 1597 er
896 1517 1137 1596 decretalibus
1165 1519 1358 1598 Alexandri
1388 1523 1442 1596 lll
1462 1517 1522 1622 (3)

350 1646 604 1728 rescribentis:
640 1643 705 1720 Tui
733 1639 837 1744 officii
863 1632 1024 1723 interest,
1056 1639 1288 1718 matrimonio
1318 1637 1400 1726 illo,
1421 1639 1523 1720 adbi-

351 1771 427 1849 bito
454 1767 650 1871 9ruuitute,
670 1760 859 1838 dissolvere
888 1784 978 1862 quoe
1005 1756 1133 1836 illicite
1160 1770 1345 1836 contracta
1373 1785 1522 1838 noscun-

351 1902 425 1967 tur.
457 1932 481 1946 -
510 1885 616 1962 Ratio
646 1897 764 1959 autem
786 1879 913 1958 statuti
935 1880 970 1955 in
992 1891 1145 1982 utroquo
1165 1904 1251 1956 casu
1281 1879 1447 1984 principii
1468 1894 1521 1959 est

347 2009 467 2114 primo
491 2005 576 2108 quia
606 2004 641 2080 in
670 2000 788 2079 causis
809 1998 1146 2092 matrimonialibus,
1174 2025 1245 2077 non
1265 2001 1359 2078 sicut
1387 2003 1425 2078 in
1444 2001 1523 2079 aliis

350 2129 483 2218 causis,
516 2148 691 2202 consensu
722 2120 776 2198 rel
815 2117 1086 2197 renunciatione
1116 2119 1171 2196 vel
1199 2119 1373 2222 patientia
1411 2121 1523 2226 partis

351 2273 423 2326 non
452 2242 667 2350 appellantis
697 2267 767 2318 uua
809 2264 890 2317 cum
918 2238 1132 2317 auctoritate
1170 2238 1298 2317 iudicis
1327 2265 1391 2318 seu
1420 2266 1522 2345 prae-

351 2367 555 2472 sumptione
584 2362 672 2440 iuris
692 2360 768 2439 lieri
788 2371 919 2464 potest,
943 2371 983 2438 ut
1002 2358 1182 2437 sententia
1212 2371 1372 2438 transeat
1391 2361 1429 2438 in
1448 2387 1521 2440 rem

354 2489 571 2580 iudicatam3
602 2507 683 2562 cum
711 2479 926 2558 matrimonii
948 2476 1247 2557 indissolubilitas
1274 2479 1321 2556 sit
1349 2479 1439 2558 iuris
1467 2479 1521 2559 di-

352 2610 442 2705 vini,
473 2619 510 2686 et
536 2603 745 2709 legitimitas
773 2599 932 2679 eiusdem
960 2597 1091 2702 iugalis
1127 2599 1262 2678 vinculi
1290 2627 1310 2677 a
1338 2627 1521 2708 praesum-

351 2732 475 2840 ptione
503 2729 614 2820 iuris,
646 2749 666 2800 a
695 2722 875 2802 sententia
904 2734 940 2799 et
968 2749 989 2798 a
1016 2719 1190 2824 patientia
1219 2721 1333 2825 partis
1361 2748 1433 2800 non
1461 2722 1521 2802 de·

349 2849 519 2956 pendeat.
539 2891 563 2906 -
580 2841 751 2928 Secundo,
772 2842 858 2946 quia
877 2839 907 2918 si
936 2838 1115 2917 sententia
1135 2838 1209 2920 latu
1230 2864 1301 2916 non
1320 2841 1515 2920 secundum

349 2970 400 3048 rei
429 2968 617 3047 veritatem
645 2966 682 3042 in
711 2961 829 3041 causis
848 2957 1171 3038 matrimonialibus
1200 2961 1370 3039 transiret
1399 2961 1437 3039 iu
1462 2961 1517 3040 iu-

349 3088 522 3184 dicatum,
545 3085 596 3164 ita
616 3097 657 3163 ut
677 3083 864 3162 retractari
879 3079 1062 3186 nequiret,
1084 3078 1266 3158 sententia
1286 3080 1347 3159 illa
1366 3085 1404 3158 in
1423 3097 1522 3162 utro-

352 3233 423 3311 que
450 3231 552 3302 casu,
583 3203 719 3282 scilicet
747 3217 823 3282 tum
860 3202 1060 3308 separando
1089 3227 1193 3282 veros
1221 3203 1413 3307 coniugeS,
1445 3217 1520 3282 turn

350 3324 599 3428 coniungendo
627 3323 859 3427 illegitimos,
889 3323 1097 3400 continuum
1139 3327 1296 3403 nutriret
1335 3336 1519 3428 peccatum

350 3458 475 3524 contra
503 3466 724 3522 communem
753 3443 1019 3521 canonistarum
1047 3443 1228 3546 regulam:
1264 3473 1282 3517 ‹
1315 3444 1516 3539 Sententia,

351 3785 383 3840 v.
404 3781 533 3852 Plrbiug.
553 3779 605 3836 tto.
625 3782 652 3834 2.
669 3776 716 3836 tit.
730 3782 774 3844 28,
791 3783 855 3834 sect.
877 3782 903 3832 o.
924 3775 958 3832 dc
977 3773 1130 3846 temporib.
1142 3790 1193 3833 seu
1211 3776 1358 3848 fatalibus
1376 3778 1518 3850 appellet.

349 3889 379 3929 c.
403 3875 464 3928 est.
484 3875 510 3926 ct
527 3884 603 3940 seqq.

400 3956 440 4033 (Ι)
460 3961 501 4014 Ex
519 3969 583 4027 cap.
607 3955 686 4011 lotor
706 3959 730 4022 7,
752 3967 816 4024 cop.
838 3959 919 4009 tenor
946 3956 990 4018 lo,
1013 3965 1077 4024 cup.
1098 3952 1311 4024 consenquinca'
1332 3957 1380 4020 tr,
1404 3953 1438 4010 de
1456 3969 1516 4010 scn-

350 4046 442 4104 terttic
460 4051 486 4102 et
510 4059 543 4101 re
566 4042 713 4110 iudicatu,
736 4041 854 4111 Pirblng
874 4040 927 4096 lib.
948 4043 975 4096 t.
997 4038 1045 4095 tit.
1066 4043 1109 4097 27.
1130 4038 1160 4110 ς
1181 4044 1209 4095 3.
1229 4056 1260 4096 n.
1282 4045 1325 4096 r7.
1344 4056 1420 4114 seqq.
1435 4073 1454 4081 -
1470 4043 1518 4097 Bo·

349 4133 453 4191 nedict.
475 4135 535 4190 xlv
554 4133 604 4188 cit.
625 4132 720 4187 corut.
736 4128 785 4184 Dei
803 4127 993 4184 miseret-ione
1011 4125 1040 4198 8.
1064 4130 1106 4181 lt.

401 4219 442 4292 (2)
462 4221 582 4292 Pirbtng
601 4219 620 4275 t.
641 4234 664 4275 c.
684 4233 715 4274 n.
737 4223 810 4274 tc·
835 4215 1018 4274 Reidenstuel
1044 4215 1077 4271 ln
1096 4215 1230 4274 eumden
1250 4219 1297 4274 tit.
1319 4217 1518 4276 Deerctoltum

349 4324 399 4365 nn.
418 4312 471 4364 tls
482 4339 500 4349 -
517 4311 577 4363 419.

403 4393 444 4470 (3)
462 4399 528 4466 Cap.
548 4407 640 4467 porro
658 4397 684 4462 t,
707 4393 741 4450 de
759 4391 1012 4454 diuortiis—itam
1033 4405 1069 4448 ex
1086 4405 1151 4464 cap.
1172 4392 1251 4450 lutor·
1270 4397 1295 4462 7,
1319 4395 1353 4452 de
1370 4394 1517 4453 sententio

351 4489 378 4540 et
395 4497 428 4540 re
445 4483 590 4552 iudicata,
613 4481 744 4541 elusdcm
764 4481 868 4540 Pontii.
882 4513 902 4523 -
914 4481 1034 4552 Pirlring
1053 4479 1074 4538 l.
1094 4497 1118 4537 e.
1137 4496 1169 4536 rr.
1188 4485 1232 4538 st.
