3406 5302
851 402 969 464 -278
989 430 1029 448 -

353 525 681 636 oiroalirmitatem
708 529 939 638 matrimonii,
969 527 1079 633 quod,
1111 525 1284 606 adhibitis
1318 525 1532 606 solemnita-·

354 650 454 728 tibus
481 679 502 728 a
531 651 607 730 iuro
637 654 880 757 praescriptis,
913 653 1040 731 initum
1070 651 1137 730 luit
1166 653 1202 730 in
1229 643 1429 730 cadrodrali
1457 655 1530 728 Eo-.

352 774 459 854 clesia
497 776 653 854 civitatis
691 781 734 854 Ν.
776 778 834 856 die
874 787 922 858 15
962 775 1130 856 februarii
1167 796 1228 856 an.
1273 785 1370 855 1873
1429 776 1524 854 inter

350 898 527 978 ruriculas
554 899 684 980 Titium
705 905 743 978 S.
762 915 797 980 et
818 905 957 980 ltertam
976 905 1016 978 B.
1035 925 1076 978 ex
1097 899 1238 1002 oppidis
1255 923 1319 978 seu
1348 899 1526 1004 parochiis

355 1019 447 1100 haec'
469 1025 528 1116 B.,
561 1023 620 1108 ille
640 1027 696 1118 E,
718 1023 891 1110 dioecesis
912 1028 955 1101 N.
970 1024 1173 1126 :coniugum
1198 1037 1317 1102 autam
1337 1023 1531 1127 precibus,

353 1149 608 1252 exponentium
637 1149 814 1253 propriam
845 1137 1033 1252 utriusque
1062 1147 1286 1243 viduitatem,
1314 1161 1431 1226 motus
1451 1152 1518 1226 Or-

352 1267 527 1361 dinarius,
551 1295 610 1348 eos
638 1298 659 1347 a
680 1273 796 1350 tribus
816 1269 1155 1375 proclamationibus
1174 1271 1398 1349 matrimonio
1418 1297 1524 1376 prae-

351 1395 536 1474 mittendis
555 1412 749 1494 exemerat,
775 1397 1065 1502 quandoquidem
1081 1423 1122 1474 ex
1139 1422 1210 1475 una
1225 1411 1328 1501 parte
1343 1397 1522 1502 parochus

351 1517 456 1597 fidem
485 1519 630 1616 lecerat,
663 1523 801 1598 nullum
831 1521 924 1599 inter
943 1546 1003 1598 eos
1031 1533 1154 1599 extare
1178 1520 1387 1598 canonicum
1409 1519 1522 1624 impa-

352 1641 565 1737 dimentum‚
598 1644 740 1723 duobus
768 1645 923 1724 testibus
951 1645 1105 1748 idipsum
1134 1644 1364 1722 iureiurando
1392 1645 1522 1722 confir-

351 1767 546 1846 mantibus:
578 1769 720 1846 exalia
749 1793 831 1848 vero
860 1767 1075 1874 prudentiae
1098 1768 1311 1871 caritatique
1331 1767 1522 1846 consulen-

352 1889 434 1967 dum
464 1890 514 1968 ita
543 1916 620 1970 esse
649 1891 839 1970 videbatur
859 1893 901 1969 ad
920 1892 1109 1998 populares
1130 1889 1254 1970 turbas
1274 1890 1519 1994 strepitusque

350 2010 574 2108 devitandos
594 2015 726 2118 quibus
745 2017 782 2094 in
812 2015 992 2122 oppidulis
1020 1995 1229 2120 plerumque
1245 2011 1432 2090 viduorum
1449 2038 1519 2091 nu-

351 2136 448 2240 ptiae
476 2147 666 2216 vexantur.

371 2292 374 2304 ·
431 2268 469 2338 2¹.
496 2261 726 2338 'Matrimonio
754 2261 874 2363 itaque
903 2259 1095 2353 celebrato,
1127 2261 1334 2361 coniugesa
1356 2261 1517 2363 principa

350 2382 494 2460 civitate
523 2383 725 2478 discedunt,
750 2409 791 2462 ac
818 2381 977 2462 mulieris
1006 2383 1208 2488 parochiam
1227 2395 1370 2487 petunt.
1394 2387 1439 2461 tt
1459 2386 1519 2460 vix

351 2507 436 2586 dum
465 2523 786 2612 supervenerant,
817 2519 1035 2613 compertum
1063 2507 1144 2600 luit,
1175 2521 1321 2612 putatos
1349 2507 1520 2610 coniuges

349 2631 444 2710 inter
472 2656 550 2709 sese
580 2631 763 2710 devinctos
790 2657 868 2711 esse
898 2634 1002 2711 tertio
1030 2631 1352 2733 consanguinitatis
1386 2631 1514 2732 gradu.

349 2757 426 2843 Ouo
453 2754 584 2834 lactum
613 2761 683 2850 est‘,
705 2768 745 2834 ut
773 2756 867 2834 illico
894 2755 1107 2834 alteralteri
1126 2753 1268 2856 coniugi
1290 2754 1513 2849 valedixerit,

349 2883 438 2986 quin
466 2907 624 2987 unquam
652 2896 733 2988 post
760 2883 869 2961 initas
898 2883 1042 2988 nuptias
1062 2881 1192 2960 nedum
1213 2865 1513 2977 cohabitaverint,

351 3021 414 3086 aut
442 3009 704 3086 matrimonium
725 3007 1062 3102 consummaverint,
1084 3007 1146 3086 scd
1164 3008 1362 3101 et'mulier,
1385 3033 1515 3086 arcana

348 3133 504 3238 quadam
531 3135 642 3213 relate
671 3133 716 3211 ad
748 3133 864 3211 virum
901 3134 1038 3211 ratione
1076 3132 1235 3226 detenta,
1276 3131 1375 3210 nullo
1411 3146 1515 3236 pacto

346 3257 475 3336 adduci
497 3283 652 3362 unquam
675 3257 790 3361 potuit
810 3257 1176 3361 addispensationem
1201 3257 1431 3361 apostolicam
1452 3281 1515 3361 pro

348 3392 527 3486 comperto
543 3381 794 3486 impedimento
809 3381 1073 3486 postulandam,
1092 3381 1147 3460 uti
1161 3405 1204 3459 ex
1221 3381 1333 3459 literis
1350 3380 1514 3486 Episcopi

348 3505 502 3584 subdia
534 3513 580 3583 tt
610 3505 700 3583 iunii
733 3514 847 3600 1873,
879 3519 986 3584 etex
1015 3505 1105 3583 actis
1134 3505 1263 3608 (alleg.
1296 3503 1357 3608 E).

401 3639 438 3709 3.
472 3634 555 3708 Cum
585 3643 702 3707 autem
741 3629 795 3708 vir
832 3628 976 3706 ductam
1014 3627 1146 3707 habore
1184 3628 1362 3732 nequiret,
1405 3629 1511 3708 aliam

345 3778 494 3852 uxorem
521 3751 651 3854 ducere
678 3755 820 3832 statuit.
844 3759 960 3843 Quare
980 3751 1074 3856 apud
1095 3753 1277 3858 proprium
1297 3753 1511 3858 Episcopum

345 3879 497 3982 supplex
526 3877 679 3972 instetit,
712 3891 753 3957 ut
781 3877 825 3955 ad
855 3879 943 3956 iuris
972 3877 1132 3956 tramites
1169 3877 1276 3985 vellet
1313 3876 1514 3982 praelatum

344 4001 621 4095 matrimonium,
636 4003 681 4080 ob
697 3994 855 4082 existens
870 3999 1190 4106 consanguinitatis
1202 4001 1510 4107 impedimentum,

345 4123 484 4204 nullum
519 4123 628 4229 atque
664 4123 820 4205 irritum
843 4127 1047 4206 solemniter
1084 4117 1279 4222 declarare,
1320 4127 1509 4230 ipsumque

345 4250 520 4330 oratorem
539 4249 594 4328 ¹ab
623 4250 702 4329 initi
731 4251 1080 4330 connubiivinculis
1107 4252 1261 4329 solutum
1291 4275 1332 4329 ac
1359 4249 1512 4329 liberum

345 4375 722 4481 proclamare.'Causa
750 4375 872 4483 itaque
904 4373 949 4454 ab
982 4373 1155 4480 Episcopo
1192 4372 1407 4452 demandata
1439 4372 1531 4453 luit,
