3456 5300
687 461 864 524 -tott-

181 577 263 658 fidei
292 577 446 660 favorem
475 608 496 660 a
524 581 665 662 Christo
692 583 841 662 Domino
868 607 1049 678 concesso,
1068 597 1103 664 et
1122 608 1185 689 per
1200 589 1351 688 aposto-

180 701 254 780 lum
273 703 423 784 Pauluin
446 705 671 809 promulgato
690 704 765 812 (t),
784 705 930 786 dissolvi
950 733 1029 786 cnm
1049 708 1239 809 coniugum
1257 705 1348 784 alter

180 823 415 906 christianam
443 825 549 906 fidem
577 828 636 936 (Ξ)
670 830 911 936 amplectitur,
949 841 1122 910 renuente
1155 828 1281 924 altero,
1313 829 1351 906 in

180 973 247 1026 sna
276 949 488 1032 infidelitate
517 951 708 1050 obdurato,
739 952 945 1032 cohabitare
973 977 1054 1032 cum
1073 976 1266 1046 converso;
1289 965 1352 1030 ant

180 1071 387 1152 cohabitare
406 1075 550 1180 quidem
571 1075 726 1172 volente,
745 1076 808 1156 sed
828 1101 898 1154 noo
917 1076 993 1156 sine
1011 1073 1224 1156 contumelio
1245 1080 1353 1155 Grn-

183 1198 286 1286 torie,
324 1199 391 1278 hoc
419 1213 474 1280 est
502 1227 573 1280 non
610 1202 687 1281 sine
714 1203 873 1308 periculo
909 1200 1153 1281 subversionis
1190 1199 1350 1302 coniugis

182 1319 313 1418 fidelis,
344 1323 400 1402 rel
418 1348 491 1402 non
505 1326 583 1402 sine
597 1326 822 1406 execratione
841 1324 1057 1406 sanctissimi
1077 1323 1230 1404 nominis
1249 1323 1352 1402 Chri·

183 1447 229 1526 sti
257 1461 294 1526 et
321 1447 538 1526 christianae
567 1447 749 1552 religionis
777 1448 1025 1554 despicientia.
1050 1495 1073 1510 -
1092 1453 1145 1528 Ex
1173 1449 1240 1528 hoc
1267 1471 1350 1528 vero

183 1569 236 1665 lit,
268 1571 447 1676 integrum
475 1597 547 1652 non
575 1597 653 1652 csse
683 1573 825 1676 coniugi
853 1597 1023 1654 converso
1045 1574 1197 1656 transire
1216 1573 1350 1652 adalia

184 1707 267 1774 vota
294 1698 504 1803 priusquam
533 1696 688 1776 infidelis
714 1697 962 1804 interpellatos
992 1713 1055 1778 aut
1069 1698 1231 1780 absolute
1250 1724 1352 1780 recu-

185 1819 318 1898 saverit
345 1845 425 1900 cum
441 1845 494 1901 co
522 1820 743 1917 cohabitare,
775 1836 839 1902 aut
866 1825 1024 1902 animum
1046 1822 1116 1902 sihi
1137 1849 1214 1902 esse
1234 1837 1354 1904 osten·

188 1939 280 2021 derit
309 1968 389 2021 cum
409 1943 469 2022 illo
488 1943 634 2049 quidem
649 1943 896 2040 cohabitandi,
913 1944 976 2023 sed
991 1969 1063 2022 non
1082 1945 1159 2024 sine
1178 1945 1354 2025 Crantoris

186 2067 419 2163 contumelia;
457 2070 511 2148 nti
548 2067 726 2172 colligitur
763 2093 805 2148 en
834 2069 1062 2150 celeberrima
1095 2069 1264 2150 decretali
1293 2073 1355 2148 ln·

187 2192 346 2269 nocantii
374 2195 471 2270 111»
502 2193 518 2300 (
546 2191 576 2297 ).

271 2323 333 2394 rt.
365 2319 441 2396 Hoc
468 2331 588 2400 autem
615 2318 877 2398 matrimonium
906 2343 976 2396 non
1005 2318 1127 2398 statim
1146 2316 1353 2398 dissolvitur

188 2466 228 2518 ac
255 2439 412 2520 infidelis
440 2443 559 2522 renuit
588 2443 746 2522 converti
761 2455 797 2522 et
817 2441 1023 2522 cohabitare
1052 2468 1131 2522 curn
1159 2441 1256 2522 fideli
1275 2444 1352 2522 sine

188 2565 402 2644 contumelia
430 2568 619 2662 Creatoris,
642 2567 705 2646 scd
727 2581 813 2646 tnnc
830 2565 932 2672 prius
954 2567 1118 2663 solvitur,
1140 2591 1220 2646 cum
1239 2566 1355 2646 fidelis

187 2688 384 2768 secundum
411 2692 592 2770 contrahit
619 2692 896 2770 matrimonium.
928 2695 1040 2782 Quam
1059 2691 1257 2776 doctrinam
1284 2695 1352 2770 Be·

188 2813 352 2894 nedictus
378 2819 459 2894 XIV
488 2815 547 2922 (l)
567 2839 802 2912 communem,
824 2816 894 2895 imo
912 2817 1233 2898 communissimam
1253 2816 1356 2896 theo·

189 2937 347 3040 logorum
375 2951 413 3018 ot
440 2939 706 3020 canonistarum
734 2965 812 3020 esse
840 2938 987 3020 latetur.
1019 2944 1104 3018 Cum
1123 2940 1218 3018 enim
1246 2943 1356 3018 lnno-

189 3062 328 3140 centius
357 3066 410 3142 111
440 3063 499 3170 (5)
515 3077 653 3143 statuat
667 3089 708 3144 ac
726 3065 863 3158 iubeat,
886 3075 926 3142 ut
946 3061 1060 3142 fidehs
1085 3088 1148 3142 seu
1163 3085 1357 3140 conversus

189 3184 233 3262 ad
262 3183 369 3264 fidem
397 3187 630 3292 compellatur
657 3211 802 3266 uxorem
831 3187 989 3292 recipere
1017 3199 1097 3291 post
1124 3185 1242 3290 ipsum
1269 3209 1355 3264 con-

189 3335 340 3406 versam,
372 3325 565 3416 anteqnam
593 3315 669 3418 ipse
698 3311 961 3392 matrimonium
989 3309 1087 3390 aliud
1116 3308 1349 3402 contraxerit,

190 3433 357 3531 inlertur,
396 3436 526 3540 prioris
552 3437 767 3518 matrimonii
805 3435 987 3515 vinculum
1019 3460 1091 3514 non
1123 3433 1233 3516 luisse
1261 3433 1359 3514 solu-

192 3571 266 3638 tum
295 3559 369 3666 (6).
393 3604 416 3618 -
437 3562 529 3638 llinc
556 3573 677 3639 autem
704 3564 882 3666 sequitur,
905 3572 945 3638 ut
963 3559 1073 3664 priori
1092 3557 1265 3638 dissoluto
1282 3583 1359 3636 ma·

260 3715 296 3789 (1)
315 3720 338 3774 1.
355 3719 484 3776 Corinth.
504 3733 569 3792 cup.
589 3725 618 3778 7.
637 3735 664 3778 a.
687 3725 729 3789 te,
751 3721 802 3778 ubi
820 3719 935 3778 scribit:
950 3717 1211 3790 Quodmtofidelie
1224 3717 1354 3784 discedit,

191 3804 331 3868 discedatt
351 3819 411 3864 omi
429 3811 509 3866 euim
526 3809 666 3868 aereitoti
684 3810 770 3881 (idest
793 3809 920 3880 coniugii
938 3807 1062 3880 vinculo)
1079 3807 1222 3864 subiectus
1240 3811 1280 3864 eat
1292 3807 1355 3878 sre-

193 3900 235 3950 ter
252 3901 307 3952 aot
326 3908 410 3952 soror
428 3899 463 3954 io
483 3897 670 3958 huiuamodi:
690 3898 810 3982 topace
828 3903 925 3954 noum
946 3896 1055 3954 noeemt
1073 3911 1126 3954 ooo
1145 3897 1227 3952 Deua.

260 3981 298 4055 (Β)
319 3983 452 4055 intelligo
469 3997 519 4054 per
538 3987 750 4056 susceptionem
771 3983 916 4056 baptismi.

261 4071 299 4142 l3)
318 4075 385 4143 Cap.
405 4081 519 4145 quanto
529 4079 555 4142 7,
571 4075 605 4130 de
614 4074 762 4141 divortiis,
779 4082 806 4132 et
819 4079 918 4130 notant
931 4073 1056 4128 Sanchez
1069 4071 1102 4128 de
1115 4071 1250 4128 mettim.
1263 4069 1315 4126 lib.
1329 4073 1355 4126 7.

193 4161 267 4235 disp.
290 4165 334 4217 74.
354 4177 385 4217 n.
407 4167 441 4218 it
459 4162 566 4233 aliique
585 4161 655 4220 ibid.
678 4162 764 4218 citati.

263 4248 300 4323 (4)
320 4253 436 4319 Quaect.
458 4251 529 4308 Con.
549 4258 611 4308 546.
631 4268 663 4308 o.
684 4259 710 4308 6.

263 4337 300 4411 (5)
321 4341 388 4410 Cap.
408 4339 571 4411 pendeam
588 4347 614 4408 8,
637 4341 671 4396 de
689 4337 838 4396 diuortiis.

263 4425 299 4500 (6)
320 4429 478 4486 Lenrenius
503 4429 555 4486 lib.
577 4435 602 4486 t.
626 4430 674 4488 tit.
697 4433 740 4486 id.
761 4433 874 4501 punem.
893 4430 954 4483 285.
977 4457 1009 4467 -
1023 4423 1141 4498 Pirhing
1160 4425 1223 4482 eod.
1252 4425 1305 4484 lib.
1332 4429 1360 4480 et

197 4516 241 4574 tit.
261 4533 293 4575 n.
313 4523 358 4575 et.
