3456 5300
676 446 713 462 ..
733 415 772 478 83
794 446 831 460 -

166 519 406 626 perversionis
440 520 598 626 pericula
629 520 822 602 amonendo
849 545 872 598 a
903 519 1049 626 coniaqe
1080 521 1266 611 catholico,
1294 524 1341 604 rle

167 644 394 725 conversione
419 645 609 725 acatholici
635 645 794 751 coninqis
822 645 866 724 ab
889 644 966 750 ipso
992 645 1138 752 coninpe
1164 645 1338 728 catholico

168 797 234 878 pro
261 771 398 852 oirilrns
422 769 670 878 procuranda,
699 769 808 877 deque
827 769 995 862 univorsa
1020 770 1206 878 utriusque
1232 797 1338 852 senos

165 895 267 1002 prole
294 895 333 974 in
361 895 551 976 sanctitate
570 893 762 974 catholicae
777 893 958 1000 reliqionis
979 894 1120 974 omnino
1135 897 1337 986 eclaconclo,

172 1019 344 1116 indicent,
375 1019 520 1126 quando
553 1018 844 1100 commemoratae
872 1018 1093 1098 conditiones
1121 1019 1165 1098 de
1193 1034 1337 1100 contra-

173 1143 303 1224 hendis
339 1144 461 1222 mistis
493 1142 590 1222 hisce
627 1143 764 1248 nuptiis
792 1152 897 1220 eatro
924 1140 1118 1220 Ecclesiam
1146 1155 1182 1222 ei
1209 1137 1339 1249 alisque

99 1287 101 1292 ’
169 1267 320 1376 parochi
346 1266 581 1348 benedictione
607 1263 751 1372 impleri
777 1264 922 1344 minime
945 1265 1100 1372 possint,
1129 1279 1166 1346 et
1192 1267 1338 1372 qnando

174 1396 210 1473 in
238 1392 449 1500 promiscuis
477 1391 574 1472 hisce
602 1389 776 1493 coniugiis
792 1388 958 1468 ineundis
973 1389 1121 1470 tolerari
1134 1403 1243 1496 queat
1262 1416 1338 1470 mos

171 1515 369 1598 adnitendi
397 1516 505 1594 ritum
533 1539 596 1620 pro
628 1511 861 1592 matrimoniis
894 1513 1147 1594 contrahendis
1174 1515 1211 1594 in
1239 1513 1339 1594 dioe-

170 1665 299 1720 cesano
325 1638 463 1718 Rituali
481 1639 637 1741 legitime
656 1635 929 1743 praescriptum,
947 1637 1091 1718 exclusa
1111 1652 1230 1718 tamen
1245 1663 1339 1720 sem-

170 1788 233 1868 per
262 1763 389 1842 Missae
418 1761 657 1840 celebratione
681 1793 698 1836 ›
730 1765 746 1865 (
774 1764 803 1867 ).

253 1893 316 1966 ti.
352 1883 444 1976 Quid
479 1899 599 1965 tamen
636 1885 725 1964 iuris
756 1885 875 1990 quoad
912 1885 1154 1966 assistentiam
1191 1887 1337 1993 parochi

168 2009 345 2112 coniugiis
381 2013 514 2089 mixtae
551 2009 751 2112 religionis,
783 2010 813 2088 si
845 2034 928 2114 pars
964 2009 1162 2090 acatholica
1190 2035 1338 2117 prorsus

169 2135 307 2240 exigat,
338 2147 379 2213 nt
407 2133 524 2241 proles
552 2134 608 2212 sni
642 2157 750 2212 sexus
778 2157 878 2211 snam
911 2132 1116 2236 religionem
1153 2137 1336 2214 sectetur?

170 2259 306 2340 Poterit
334 2283 379 2337 ne
408 2255 581 2336 eiusmodi
609 2255 833 2334 matrimonio
859 2256 1036 2362 parochus
1064 2258 1254 2337 assisteret

248 2381 417 2470 Quamvis
445 2385 482 2458 S.
514 2385 642 2483 Congr.
674 2378 924 2483 Inquisitionis
952 2378 1009 2460 die
1041 2389 1085 2460 17
1117 2381 1207 2460 iunii
1234 2369 1334 2462 1829

169 2503 406 2609 rescripserit,
439 2502 568 2582 debere
594 2502 788 2608 paroohnm
816 2527 854 2581 se
874 2502 1048 2586 obstinere
1074 2530 1336 2612 aqnocnrnqae

167 2627 388 2713 interventu,
417 2639 535 2704 tamen
564 2627 601 2704 in
629 2625 865 2705 instructione
893 2626 1015 2708 addita
1043 2627 1172 2708 litteris
1200 2635 1333 2732 Grego-

167 2906 304 2963 cnmqae,
324 2891 360 2948 ob
379 2891 548 2962 denegatam
568 2890 759 2948 matrimoniis
778 2889 878 2947 mixtis
897 2889 1134 2960 benedictionem,
1160 2893 1242 2950 tacite
1260 2893 1336 2950 exci-

166 2987 297 3036 tarentur
320 2979 528 3037 haereticoram
554 2979 750 3050 querimoniae
773 2986 801 3036 et
818 2978 884 3038 odia
908 2979 1048 3036 adversas
1075 2979 1173 3039 iideies
1199 2980 1334 3052 legesque

168 3067 385 3126 ecclesiasticos.
399 3095 432 3108 -
445 3069 473 3124 2⁰
492 3067 742 3140 Quotiescumque,
763 3067 900 3140 denegate
918 3082 934 3124 a
950 3068 1072 3140 parocho
1090 3069 1230 3126 catholieo
1249 3072 1335 3128 bene·

167 3154 300 3222 dictione,
321 3155 430 3226 sponsi,
445 3162 510 3212 ante
523 3155 568 3212 rel
589 3161 651 3226 post
670 3169 766 3212 coram
786 3155 836 3210 iiio
849 3155 1024 3212 celebratum
1040 3157 1268 3224 matrimonium,
1282 3157 1335 3214 mi·

169 3244 315 3300 nisteiinm
336 3245 448 3311 adeant,
467 3243 513 3302 vei
533 3244 618 3301 etiam
639 3243 668 3300 in
688 3243 929 3302 heterodoxorum
948 3245 1087 3316 tempium
1107 3247 1279 3305 conveniant
1297 3249 1334 3306 ad
1404 3255 1407 3262 '

167 3331 334 3404 sacrilegam
355 3332 579 3391 benedictionem
600 3331 793 3400 obtinendam,
815 3331 938 3403 parocho
957 3333 1095 3392 catholico
1119 3335 1237 3392 omnino
1258 3343 1335 3407 post·

169 3419 275 3478 habito.
296 3449 333 3487 -.
349 3419 389 3478 3·.
410 3420 649 3492 Quotiescumque
674 3421 794 3491 insuper
817 3419 978 3478 timendum
997 3427 1071 3478 esset
1094 3423 1182 3494 quod,
1202 3431 1333 3482 recusata

168 3509 202 3566 ab
221 3509 291 3582 ipsis
311 3508 436 3581 expetita
447 3508 654 3576 benedictione,
667 3515 716 3566 eut
728 3521 786 3566 non
796 3517 981 3567 servarentur
995 3511 1174 3568 necessariae
1186 3512 1335 3569 cautiones

168 3595 202 3653 de
220 3595 383 3654 amovendo
402 3613 417 3654 e
437 3597 558 3669 coniuge
578 3597 715 3656 catholico
734 3597 927 3670 perversionis
946 3597 1178 3668 pertimescite
1198 3599 1333 3656 universa
1355 3591 1365 3620 '

167 3685 246 3754 prole
265 3683 296 3741 in
315 3683 453 3742 catholica
474 3685 611 3758 reiigione
629 3684 789 3752 educenda,
809 3693 869 3752 sat,
889 3685 967 3757 qnod
986 3686 1182 3745 detestabilius
1197 3687 1279 3758 toret,
1295 3703 1333 3746 ne

168 3785 232 3842 pers
251 3772 391 3830 catholica
410 3773 446 3830 ad
465 3774 675 3834 haereticorum
693 3780 786 3832 castra
806 3775 893 3832 insui
908 3775 1059 3834 etiuturae
1078 3778 1167 3849 protis
1185 3784 1332 3838 aeternam

168 3861 323 3932 perniciem
343 3863 486 3920 transiret.
513 3863 668 3920 Evidentes
686 3864 756 3920 haec
773 3870 801 3921 et
820 3864 922 3921 similia
948 3875 1016 3922 sunt
1034 3868 1132 3940 gravia
1154 3867 1202 3924 iiia
1225 3869 1331 3926 damna

165 3958 199 4000 ac
216 3943 291 4002 maia
312 3945 347 4003 ad
367 3961 440 4018 quae
459 3948 575 4005 vitanda
595 3961 725 4006 summus
740 3949 869 4007 Pontiter
883 3949 1042 4022 indulgere,
1056 3967 1107 4010 seu
1121 3952 1233 4010 miemri
1249 3967 1333 4024 posse

165 4031 322 4092 declararit
332 4041 366 4092 ut
378 4035 407 4094 in
418 4037 611 4094 matrimoniis
622 4037 721 4096 mixtis
734 4038 875 4109 nuptialis
888 4039 1084 4110 impertiretur
1096 4040 1265 4102 benedictio.
1275 4063 1332 4094 »-

169 4119 262 4177 Habes
281 4121 334 4178 hes
358 4123 467 4181 litteras
486 4124 516 4182 in
539 4125 718 4184 cotnrtaneo
743 4124 854 4184 con'stit.
882 4127 986 4184 decret.
1012 4128 1118 4186 induit.
1138 4132 1330 4189 acdnstruei.

165 4209 284 4267 Sanctae
300 4211 381 4268 Sedis
394 4213 430 4268 ad
445 4227 532 4270 nsum
546 4215 699 4272 societatis
709 4213 882 4272 diissionnrn
893 4215 933 4272 ad
945 4223 1059 4285 ceteros,
1073 4233 1104 4273 n.
1116 4223 1177 4288 908,
1191 4233 1264 4291 pap.
1279 4223 1333 4278 tot

164 4301 196 4353 et
213 4311 292 4370 seqq.
312 4299 382 4356 edit.
403 4300 521 4358 Parisiis
541 4301 620 4358 1880.

237 4387 276 4463 (1)
296 4391 338 4447 Ex
357 4389 404 4448 cit.
425 4393 559 4448 instruct.
580 4389 644 4448 neri
660 4389 869 4448 Sanctissimae
888 4391 1025 4480 reiatauin
1044 4393 1209 4466 appendice
1227 4397 1254 4452 5.
