3446 5298
719 503 756 516 -
779 469 837 532 tat
859 501 896 516 -

308 604 345 673 3.
378 598 485 672 Porro
512 593 727 700 quandoque
749 595 815 672 hoc
834 594 1085 673 documentum
1105 592 1231 672 baberi
1251 596 1391 697 nequit;

227 743 298 824 quo
326 743 411 796 casu
440 718 585 796 testium
623 718 906 823 depositionibus
943 717 1182 823 supplendum
1216 721 1299 797 erit.
1329 724 1396 797 Te-

227 856 302 920 stes
330 867 414 920 vero
441 841 512 920 duo
540 842 666 920 saltem
696 867 774 922 esse
802 842 948 936 debent,
980 841 1102 937 iurati,
1125 841 1194 920 fide
1222 843 1335 945 digni,
1359 855 1395 920 et

227 969 290 1072 qui
318 967 362 1045 de
390 965 483 1046 iacto
511 967 655 1072 proprio
682 966 878 1072 deponant,
910 966 1118 1046 defunctum
1146 967 1391 1070 cognoverint,

228 1117 269 1168 ac
296 1091 370 1170 siut
398 1091 491 1170 inter
518 1117 557 1168 se
584 1091 776 1169 concordes
804 1089 921 1195 quoad
951 1091 1066 1168 locum
1094 1103 1131 1169 et
1158 1116 1301 1170 causam
1317 1091 1395 1170 cbi-

229 1227 302 1307 tus,
334 1213 493 1318 aliasque
521 1211 777 1292 substantiales
804 1213 1103 1292 circumstantias.
1135 1211 1202 1302 Oui
1230 1214 1391 1318 insuper,

228 1337 258 1414 si
287 1335 445 1416 deluucti
474 1337 665 1442 propinqui
693 1339 781 1433 sint,
814 1353 878 1416 aut
896 1338 982 1415 socii
1002 1338 1154 1430 itineris,
1178 1337 1390 1433 industriae,

228 1463 283 1542 vel
312 1465 420 1542 etiam
450 1462 611 1552 militiae,
644 1487 685 1540 eo
712 1463 825 1566 magis
851 1463 995 1568 plurimi
1024 1461 1224 1541 laciendum
1254 1463 1322 1542 erit
1350 1463 1395 1540 il·

227 1587 341 1666 lcrum
369 1588 625 1666 testimonium.

310 1719 347 1788 l.
380 1709 565 1789 Interdum
593 1737 688 1788 unus
716 1724 856 1789 tantum
884 1711 986 1788 testis
1014 1709 1272 1788 examinandus
1293 1735 1396 1815 repe-

227 1837 333 1928 ritur,
365 1847 401 1913 et
429 1833 510 1912 licet
538 1833 584 1911 ab
613 1837 706 1912 omui
726 1836 803 1911 iure
831 1834 1073 1912 testimonium
1098 1837 1206 1912 unius
1225 1835 1270 1912 ad
1289 1835 1394 1938 plene

226 1957 449 2064 probandum
489 1983 560 2036 non
589 1959 818 2050 admittatur,
862 1972 1021 2037 attamen
1058 1983 1104 2036 ne
1136 1960 1266 2038 coniux
1304 1959 1393 2038 alias

228 2082 373 2186 nuptias
402 2081 492 2160 inire
520 2093 726 2187 peroptans,
758 2082 867 2161 vitam
895 2081 1063 2160 caelibem
1094 2107 1198 2185 agere
1226 2095 1388 2183 cogatur,

227 2205 335 2284 ctiam
363 2205 472 2284 unius
500 2207 743 2285 testimouium
771 2205 933 2284 absolute
961 2230 1032 2285 non
1061 2206 1199 2311 respuit
1228 2233 1393 2312 suprema

227 2335 459 2434 Congregatic
487 2331 524 2408 in
553 2330 761 2410 dirimendis
790 2331 993 2410 huiusmodi
1021 2331 1179 2425 casibus
1202 2331 1393 2410 dummodo

228 2455 287 2534 illc
316 2457 418 2536 testis
446 2457 632 2535 recensitis
651 2455 916 2535 conditionibus
935 2456 981 2534 sit
1001 2455 1199 2560 praeditus,
1222 2456 1311 2534 nulli
1331 2481 1399 2534 ex·-

227 2579 380 2683 ccpticni
410 2578 599 2674 obnoxius,
631 2603 672 2658 ac
699 2591 883 2684 praetcrea
902 2581 980 2657 eius
1011 2579 1187 2683 depositio
1211 2579 1291 2656 aliis
1311 2603 1391 2682 gru-

226 2703 402 2807 ribusque
430 2703 656 2782 adminiculis
684 2701 869 2798 iniciatam
888 2703 990 2806 sique
1010 2703 1079 2781 alia
1108 2703 1308 2782 extrinseca
1328 2703 1393 2782 ad-

225 2827 394 2906 miuicula
421 2827 538 2930 colligi
567 2827 709 2906 omuino
729 2840 923 2931 nequeant,
947 2825 1014 2905 hoc
1033 2840 1153 2906 tamen
1172 2840 1308 2905 certum
1327 2827 1389 2921 sit,

226 2950 315 3028 nibil
344 2952 382 3028 in
409 2950 486 3028 eius
502 2951 703 3030 testimonio
728 2951 890 3055 reperiri,
912 2949 1007 3054 quod
1029 2974 1099 3028 non
1123 2953 1171 3028 sit
1200 2973 1394 3052 congruum

226 3086 334 3179 atquc
362 3078 506 3152 omnino
533 3074 739 3152 verisimile.

307 3208 344 3278 5.
376 3199 555 3300 Contingit
589 3199 697 3276 etiam
731 3212 771 3275 ut
808 3211 918 3275 testes
956 3198 1155 3277 omnimoda
1192 3198 1262 3278 lide
1295 3199 1392 3303 digni

225 3322 474 3415 testificentur,
497 3347 535 3401 se
554 3335 710 3426 tempore
730 3345 801 3398 non
815 3334 980 3424 suspecto
999 3335 1147 3400 mortem
1166 3323 1327 3424 coniugis
1347 3349 1390 3402 ex

224 3445 374 3524 aliorum
385 3447 614 3525 attestatione
626 3445 819 3538 audivisse,
834 3446 893 3523 isti
914 3459 1036 3524 autem
1056 3445 1111 3524 vel
1126 3449 1211 3550 quia
1227 3447 1394 3526 absentes

224 3569 279 3648 rel
307 3571 392 3674 quia
420 3570 574 3649 obierint
594 3570 649 3648 rel
669 3570 775 3648 aliam
795 3569 840 3649 ob
860 3593 1125 3674 quamcumque
1144 3570 1393 3649 rationabilem

224 3717 367 3772 causam
381 3695 577 3772 examinari
592 3709 790 3797 nequeunt3
809 3707 896 3772 tuuc
910 3692 1004 3772 dicta
1020 3718 1065 3770 ex
1081 3693 1198 3771 alieno
1215 3719 1288 3787 ore,
1306 3721 1397 3799 qua-

225 3831 329 3895 tenus
347 3817 511 3896 omnibus
531 3817 612 3894 aliis
632 3818 668 3894 in
688 3839 775 3896 casu
796 3817 1098 3895 concurrentibus
1120 3817 1397 3897 circumstantiis

222 3957 285 4022 aut
313 3943 438 4022 saltem
465 3940 678 4046 urgentibus
713 3939 966 4045 respondeant,
997 3941 1086 4019 satis
1114 3966 1191 4020 esse
1246 3967 1397 4022 censen-

224 4080 283 4145 tur
310 4093 374 4172 pro
403 4079 576 4172 sequutae
605 4065 731 4145 mortis
758 4065 928 4170 prudenti
957 4065 1102 4143 iudicio.

302 4199 339 4270 6.
371 4196 517 4285 Verum,
548 4189 645 4268 haud
685 4189 794 4267 semel
823 4188 1043 4292 experientia
1081 4204 1299 4294 compertum
1329 4191 1394 4268 ha·

223 4314 342 4408 betur,
373 4313 468 4418 quod
496 4337 561 4391 nec
599 4337 693 4390 unus
729 4309 872 4416 quidem
911 4311 1109 4416 reperiatur
1145 4313 1252 4391 testis
1275 4313 1392 4418 qualis

223 4463 331 4542 supra
360 4438 573 4517 adstruitur.
607 4441 681 4515 Hoc
709 4437 745 4514 in
775 4460 859 4514 casu
889 4434 1051 4540 probatio
1071 4433 1191 4515 obitus
1212 4461 1256 4516 ex
1275 4437 1394 4517 conie-
