3424 5300
621 420 660 443 ..
682 389 737 469 pst
758 420 797 443 .-

208 521 368 610 oucrto:
388 559 412 582 ··
430 514 597 623 Episcopi
616 517 673 608 rol
690 517 797 597 etiam
814 516 945 625 Syncdi
960 517 1188 622 provincialis
1203 521 1293 596 Con·

127 633 271 723 stitutio
294 666 358 748 per
383 640 572 748 parochias
609 642 847 748 promulgata,
878 666 969 746 quae
1006 640 1108 720 irrita
1136 641 1293 724 declaret

126 766 349 846 matrimonia
378 764 738 874 clandestina,idquo
756 765 963 849 adlormam
981 767 1126 875 quidem
1154 767 1292 849 triden-

127 890 193 970 tini
220 889 353 970 decreti
380 890 588 996 (Tametsi),
616 889 678 970 sed
706 891 806 971 nulla
825 890 918 973 lacta
946 892 1054 973 buius
1072 892 1206 974 decreti
1226 919 1294 1000 pu·

128 1013 331 1109 blicatione,
362 1039 478 1120 neque
506 1014 541 1093 vi
569 1014 741 1111 eiusdem,
774 1016 836 1095 sed
864 1018 1006 1124 propria
1040 1030 1179 1097 tantum
1207 1018 1293 1124 Epi-

129 1137 263 1245 piseopi
300 1138 356 1217 rel
384 1138 517 1246 Synodi
555 1141 781 1236 auctoritate,
822 1165 893 1221 non
925 1141 1051 1221 adimit
1087 1141 1291 1222 firmitatem

129 1265 362 1344 matrimoniis
389 1263 611 1345 clandestine
639 1264 839 1347 celebratis.
863 1270 962 1347 -Ita
999 1292 1042 1346 er
1076 1267 1292 1348 resolutione

129 1395 165 1470 S.
197 1394 236 1470 C.
268 1388 413 1469 Concilii
441 1389 512 1469 diei
541 1399 564 1469 2
593 1388 791 1470 decembris
831 1399 930 1471 1628
962 1392 1080 1497 quoad
1118 1391 1290 1472 eiusmodi

129 1515 314 1625 synodalia
342 1513 484 1596 decreta
513 1514 682 1594 Rutbena
709 1541 774 1622 per
791 1516 979 1622 parochias
997 1518 1234 1623 promulgata,
1255 1533 1293 1598 et

128 1669 170 1723 er
199 1642 269 1721 alia
297 1640 370 1720 diei
398 1650 447 1722 20
476 1640 595 1719 martii
626 1648 725 1720 1629
754 1641 1003 1748 approbataet
1021 1642 1228 1722 confirmata
1247 1643 1293 1723 ab

127 1766 270 1848 Urbano
298 1768 398 1860 VIII,
427 1765 490 1871 qui
519 1778 652 1858 tamen,
674 1789 717 1843 er
738 1765 807 1845 alio
835 1763 994 1844 eiusdem
1014 1769 1051 1844 S.
1070 1770 1108 1844 C.
1131 1767 1293 1846 consulto

128 1890 198 1973 diei
227 1897 276 1970 20
306 1888 430 1994 aprilis
471 1896 595 1983 1629,
625 1913 690 1994 per
717 1913 802 1967 suas
834 1889 1047 1994 apostolicas
1079 1890 1217 1970 litteras
1254 1890 1292 1969 in

128 2014 239 2094 [orma
266 2011 437 2091 Bromium
465 2024 501 2091 et
529 2036 592 2118 per
619 2011 709 2091 alias
727 2011 772 2090 ad
792 2011 1104 2118 Ircbiepiscopnm
1122 2013 1294 2092 Kiovien·

1 2175 2 2188 *
127 2164 216 2233 sem,
246 2135 415 2243 providit,
446 2149 489 2214 ut
516 2135 553 2213 iu
581 2135 751 2216 Rutbeua
779 2135 975 2241 prouincia,
1006 2136 1062 2215 rel
1090 2136 1125 2215 vi
1159 2135 1291 2216 decreti

129 2259 312 2368 apostolici
341 2259 397 2338 rel
424 2257 666 2365 publicatione
699 2257 886 2340 tridentini
918 2258 1065 2355 decreti,
1101 2259 1202 2340 irrita
1230 2259 1293 2340 fie-

129 2397 209 2465 rent
235 2381 456 2463 clandestina
484 2383 647 2486 coniugia
676 2383 750 2487 (t).
781 2383 875 2464 Hinc

209 2507 359 2600 Quieto:
380 2551 404 2571 -
423 2506 599 2614 Synodale
628 2506 823 2604 decretum,
845 2512 1008 2615 quamvis
1027 2509 1096 2588 iuri
1116 2510 1291 2587 communi

128 2633 359 2728 eontrarium,
386 2632 461 2711 sive
480 2631 598 2736 quoad
617 2632 870 2739 impedimenta
889 2632 1103 2713 matrImunii
1123 2631 1294 2710 dirimen-

129 2761 193 2855 tia‚
231 2759 306 2838 sire
342 2755 462 2862 quoad
499 2756 567 2835 alia
604 2757 788 2862 quaelibet
823 2739 1054 2838 ecclesiastici
1085 2759 1188 2854 iuris,
1229 2756 1291 2836 ubi

128 2884 236 2965 luerit
262 2882 455 2989 apostolica
492 2881 759 2962 confirmatione
787 2907 857 2961 non
895 2882 932 2961 in
960 2883 1071 2961 Iorma
1099 2881 1289 2975 communi,

128 3009 190 3090 sed
218 3010 256 3089 in
282 3008 402 3113 formu
429 3005 590 3112 specifico
626 3005 845 3102 roboratum,
875 3007 1077 3114 pontificiae
1104 3008 1193 3111 logis
1220 3006 1292 3087 rim

129 3135 237 3215 babet
264 3135 301 3214 in
330 3131 495 3212 subditos
521 3130 693 3211 dioecesis
721 3131 777 3210 rel
805 3131 1022 3238 provinciae,
1053 3143 1159 3237 prout
1174 3135 1297 3237 Syno-

129 3259 196 3340 dus
223 3270 278 3338 est
305 3256 516 3336 dioecesana
543 3255 599 3335 rel
628 3255 855 3360 provincialis
874 3255 932 3358 -(
962 3254 992 3361 ).
1183 3358 1185 3360 q

208 3381 392 3473 Quodnam
420 3394 539 3460 autem
567 3379 757 3459 discrimen
786 3384 879 3460 inter
906 3380 1087 3486 praedicta
1110 3381 1181 3461 dno
1209 3375 1294 3462 don·

130 3509 367 3589 firmationum
388 3492 535 3608 =genera
572 3504 789 3598 intercedat,
825 3504 918 3583 idem
956 3504 1171 3585 Benedictus
1205 3509 1291 3584 ‹xlv

129 3631 280 3735 tradit(
310 3630 340 3736 )

207 3765 272 3837 26.
304 3761 420 3861 Atque
448 3756 532 3836 bino
558 3756 855 3861 quemadmodum
882 3755 978 3860 quod
1006 3767 1148 3835 cautum
1175 3752 1293 3834 luerat

129 3884 164 3962 in
192 3894 462 3962 commemorata
491 3880 660 3960 Rutbena
689 3880 830 3987 Synodo
856 3904 920 3987 per
938 3905 976 3960 se
995 3878 1157 3987 quolibet
1174 3878 1293 3960 valore

130 4007 302 4087 caruisset
330 4004 465 4110 absque
492 4003 629 4085 Urbani
658 4007 742 4083 VIII
771 4004 998 4098 auctoritate,
1020 4003 1071 4085 ita
1090 4000 1294 4123 lactumlu-

200 4239 235 4309 (1)
254 4236 302 4294 cIr
321 4236 444 4295 eundem
464 4235 608 4293 Benedict.
629 4235 689 4293 xlv
711 4235 731 4291 l.
750 4251 775 4292 c.
795 4251 811 4291 a
830 4250 861 4292 o.
881 4238 908 4291 7.
929 4235 965 4291 ad
984 4239 1028 4293 tt.

106 4393 107 4401 ἵ
167 4354 169 4357 -
199 4323 238 4398 lt)
253 4327 369 4384 Eruitur
386 4340 423 4384 ex
441 4326 487 4383 Iris
505 4339 579 4397 quae
599 4323 674 4381 idam
693 4322 824 4380 Pontifex
842 4322 930 4380 tradit
948 4323 1001 4381 loo.
1020 4323 1070 4382 cit.
1089 4339 1121 4381 o.
1141 4327 1185 4382 rt.

201 4414 237 4486 (3)
256 4413 398 4475 BeuedIct.
418 4415 479 4473 xlv
498 4414 532 4471 de
548 4413 666 4486 synodo
684 4410 736 4470 lib.
757 4415 802 4468 te.
821 4425 885 4485 cop.
903 4416 932 4468 o.
950 4427 981 4469 rt.
1003 4416 1046 4472 tr.
