3456 5300
698 449 735 464 ...
757 417 794 480 73
816 449 852 462 ..

279 557 342 630 ab.
376 549 440 626 His
468 545 741 653 quaestionibus
779 543 966 638 absolutis,
1012 543 1188 650 reliquum
1218 555 1285 638 est,
1327 555 1367 620 ut

201 671 336 780 aliquid
356 672 498 752 dieatur
525 671 569 750 de
589 669 815 777 sponsalibus
836 668 979 748 incertis
1007 694 1048 746 ao
1075 666 1366 773 desponsalibus

202 813 238 878 et
264 797 500 878 matrimoniis
541 795 603 875 sub
645 793 843 874 conditione
884 793 998 889 initis,
1047 792 1165 898 quoad
1209 791 1367 871 iustitiae

202 923 365 1030 publieae
394 921 594 1002 honestatis
623 919 928 1025 impedimentum,
960 917 1075 1024 deque
1109 918 1215 997 buius
1240 941 1367 1024 perpe-

204 1049 343 1130 tuitote.

282 1183 422 1254 incerto
450 1177 571 1280 itaque
614 1199 654 1250 ae
687 1170 962 1250 indeterminato
1002 1167 1181 1275 sponsalia
1219 1165 1369 1272 impedi-

204 1315 360 1380 mentum
390 1298 554 1406 publioae
584 1295 782 1376 honestatis
810 1321 881 1373 non
909 1295 1069 1400 pariunt.
1101 1294 1192 1372 Hine
1219 1293 1249 1372 si
1286 1294 1368 1398 quis

204 1451 237 1502 v.
271 1451 325 1527 gr.
359 1423 573 1528 promiserit,
604 1447 642 1500 se
671 1419 861 1500 dueturum
890 1446 997 1500 unam
1025 1446 1067 1498 ex
1098 1417 1240 1498 filiabus
1276 1417 1364 1510 Caii,

205 1562 241 1627 et
269 1547 336 1626 bae
365 1571 487 1626 omnes
507 1545 767 1640 oonseaserint,
799 1545 936 1624 nullum
956 1543 1039 1623 inde
1067 1545 1180 1624 oritur
1200 1544 1369 1623 honesta-

204 1678 249 1752 tis
278 1672 584 1779 impedimentum,
615 1697 694 1750 eum
723 1671 925 1750 Bonilaoius
953 1671 1121 1776 loquatur
1149 1671 1192 1749 de
1220 1693 1371 1775 sponsa-

202 1798 297 1877 libus
325 1797 430 1878 oertis
458 1824 499 1876 ae
526 1798 760 1876 determinate
781 1797 879 1874 initis
908 1796 981 1900 (il.
1017 1796 1107 1886 Quia
1126 1797 1218 1876 sieut
1246 1795 1369 1874 matri-

205 1925 360 2002 monium
387 1921 495 2002 debet
514 1923 714 2002 necessario
733 1922 816 2000 iniri
836 1949 914 2000 oum
944 1921 1180 2002 determinata
1200 1945 1365 2028 persona,

204 2050 253 2127 ita
282 2061 318 2127 et
346 2049 539 2155 sponsalia,
570 2073 662 2154 quae
690 2063 776 2128 sunt
803 2051 880 2126 eius
908 2047 1051 2127 initium
1079 2048 1152 2153 (2).

285 2185 349 2254 tl.
381 2175 481 2266 Quod
510 2177 639 2254 attinet
659 2174 701 2251 ad
736 2173 916 2278 sponsalia
936 2173 992 2252 vel
1020 2174 1126 2252 etiam
1147 2175 1369 2253 matrimonia

206 2300 294 2378 inita
322 2299 390 2378 sub
417 2299 616 2378 conditione
643 2297 685 2377 de
711 2299 852 2402 sutoro,
882 2324 960 2376 oum
989 2297 1144 2376 conditio
1172 2299 1370 2404 suspendat

203 2449 414 2504 eonsensum
451 2449 565 2529 usque
607 2423 651 2502 ad
690 2423 903 2502 conditionis
945 2437 1126 2518 eventum,
1171 2424 1280 2504 effioit
1322 2451 1366 2502 ne

204 2547 383 2654 sponsalia
402 2548 458 2627 uel
477 2549 738 2628 matrimonium
763 2561 846 2626 ante
865 2547 1079 2627 eonditionis
1097 2549 1289 2629 adveutum
1318 2547 1370 2627 el-

205 2665 334 2750 leet'um
369 2672 499 2751 valoris
519 2673 677 2754 babeant
695 2697 738 2751 ex
759 2672 899 2752 delectu
919 2697 1133 2770 eonsensus3
1165 2699 1206 2752 aa
1221 2673 1369 2780 proinde

206 2809 281 2876 tum
310 2799 472 2903 antiquo,
519 2814 594 2876 tum
623 2823 714 2876 novo
750 2795 948 2877 Tridentini
983 2798 1059 2876 iure
1086 2823 1157 2876 nnn
1194 2798 1371 2878 inducunt

207 2921 370 3028 publieae
400 2907 599 3004 bone'statis
618 2923 923 3028 impedimentum.
956 2925 1081 3003 Statim
1102 2951 1143 3003 ae
1171 2939 1290 3005 autem
1305 2925 1372 3004 im·

208 3046 301 3151 pleta
330 3046 437 3126 luerit
474 3047 643 3143 conditio,
690 3049 755 3128 boo
782 3050 896 3127 oritur
937 3048 1241 3154 impedimentum,
1286 3051 1368 3156 quia

209 3173 262 3250 vel
290 3197 334 3250 ex
362 3197 404 3252 eo
422 3174 602 3279 sponsalia
631 3174 788 3252 evadunt
817 3200 921 3280 pura,
944 3173 1107 3254 absoluta
1127 3189 1164 3254 et
1200 3175 1332 3254 valida.
1348 3203 1373 3236 ·-

207 3301 322 3386 Quare
342 3297 372 3376 si
392 3299 473 3403 quis
491 3298 671 3403 sponsalia
691 3323 770 3377 oum
785 3299 905 3403 aliqua
925 3299 1071 3378 muliere
1089 3299 1155 3379 sub
1173 3301 1371 3380 conditione

208 3422 399 3517 eontraxit,
418 3437 454 3502 et
468 3435 590 3526 postea
601 3435 684 3501 ante
699 3419 913 3502 conditionis
928 3437 1094 3502 eventum
1109 3425 1370 3532 contrabatper

210 3547 315 3626 verba
325 3547 367 3626 de
377 3547 559 3653 praesenti
569 3574 647 3626 oum
658 3547 754 3625 illius
764 3572 898 3642 sorore;
916 3573 995 3626 coro
1010 3547 1077 3628 hae
1093 3549 1243 3629 secundo
1253 3576 1369 3628 remo-

208 3695 286 3752 nore
305 3671 438 3752 debebit
452 3672 526 3778 (3),
544 3699 653 3778 quum
675 3671 831 3749 validum
850 3672 898 3751 sit
916 3697 1037 3752 eorum
1057 3675 1273 3778 coniugium.
1293 3676 1369 3752 -Si

207 3797 286 3902 quis
306 3823 389 3876 vero
408 3810 489 3902 post
512 3809 692 3874 eontracta
717 3795 955 3876 conditionate
977 3799 1156 3903 sponsalia
1183 3799 1227 3877 de
1251 3799 1372 3880 luturo

207 3949 282 4001 oum
299 3921 406 4016 Titia,
421 3947 513 4000 oooo
528 3925 633 4000 etiam
649 3920 693 4000 de
704 3921 825 4000 futuro
838 3925 1016 4028 sponsalia
1031 3927 1193 4030 quamvis
1209 3925 1372 4005 absolute

276 4169 311 4240 (il
333 4167 385 4225 eit.
407 4181 469 4238 cap.
491 4168 569 4224 unio.
590 4168 623 4224 de
640 4169 826 4240 operientibus
843 4169 879 4226 io
897 4177 923 4224 o.

274 4257 312 4332 (il
331 4258 450 4330 Pirbing
470 4257 521 4314 tto.
544 4263 568 4313 t.
589 4259 636 4316 tit.
658 4264 682 4315 t.
708 4275 739 4315 n.
759 4263 803 4316 37.
824 4259 947 4317 notond.
970 4267 994 4312 7.
1017 4287 1048 4300 -
1069 4260 1195 4318 sanubez
1216 4261 1266 4318 teo.
1291 4266 1314 4316 t.
1338 4262 1371 4318 de

208 4348 332 4419 sponsal.
351 4347 426 4420 disp.
447 4353 492 4404 26.
513 4363 544 4404 tt.
567 4352 591 4403 t.
611 4352 637 4404 et
658 4347 708 4405 le'b.
729 4351 755 4403 7.
776 4347 850 4419 disp.
871 4354 916 4405 69.
936 4365 967 4405 n.
989 4354 1014 4404 t.

276 4433 315 4510 (3)
335 4439 375 4494 lta
387 4436 550 4495 Bonifatius
561 4439 625 4493 viii
635 4436 664 4493 in
677 4439 760 4494 eitata
771 4435 904 4495 decretali
917 4451 951 4494 ee
962 4438 1157 4511 sponsalibus,
1173 4439 1202 4512 s.
1213 4439 1265 4498 uu
1275 4453 1350 4497 vero.
