<?xml version="1.0" encoding="UTF-8"?>
<!DOCTYPE html PUBLIC "-//W3C//DTD XHTML 1.0 Transitional//EN"
    "http://www.w3.org/TR/xhtml1/DTD/xhtml1-transitional.dtd">
<html xmlns="http://www.w3.org/1999/xhtml" xml:lang="en" lang="en">
 <head>
  <title>
</title>
<meta http-equiv="Content-Type" content="text/html;charset=utf-8" />
  <meta name='ocr-system' content='tesseract 3.04.00' />
  <meta name='ocr-capabilities' content='ocr_page ocr_carea ocr_par ocr_line ocrx_word'/>
</head>
<body>
  <div class='ocr_page' id='page_1' title='image "./deimpedimentism00mansgoog_0209.png"; bbox 0 0 3424 5300; ppageno 0'>
   <div class='ocr_carea' id='block_1_1' title="bbox 829 397 1003 465">
    <p class='ocr_par' dir='ltr' id='par_1_1' title="bbox 829 397 1003 465">
     <span class='ocr_line' id='line_1_1' title="bbox 829 397 1003 465; baseline -0.023 -13"><span class='ocrx_word' id='word_1_1' title='bbox 829 397 1003 465; x_wconf 83' lang='lat' dir='ltr'>-leo-</span> 
     </span>
    </p>
   </div>
   <div class='ocr_carea' id='block_1_2' title="bbox 339 522 1510 2618">
    <p class='ocr_par' dir='ltr' id='par_1_2' title="bbox 339 522 1503 1129">
     <span class='ocr_line' id='line_1_2' title="bbox 418 522 1503 631; baseline -0.003 -25"><span class='ocrx_word' id='word_1_2' title='bbox 418 533 494 606; x_wconf 92' lang='lat' dir='ltr'>Iam</span> <span class='ocrx_word' id='word_1_3' title='bbox 523 549 604 606; x_wconf 87' lang='lat' dir='ltr'>vero</span> <span class='ocrx_word' id='word_1_4' title='bbox 633 524 785 631; x_wconf 91' lang='lat' dir='ltr'>probant</span> <span class='ocrx_word' id='word_1_5' title='bbox 822 537 923 606; x_wconf 84' lang='lat' dir='ltr'>testes</span> <span class='ocrx_word' id='word_1_6' title='bbox 952 523 994 604; x_wconf 89' lang='lat' dir='ltr'>de</span> <span class='ocrx_word' id='word_1_7' title='bbox 1022 522 1193 617; x_wconf 68' lang='lat' dir='ltr'>scientim·</span> <span class='ocrx_word' id='word_1_8' title='bbox 1212 569 1236 584; x_wconf 93' lang='lat'>-</span> <span class='ocrx_word' id='word_1_9' title='bbox 1256 535 1356 603; x_wconf 83' lang='lat' dir='ltr'>testes</span> <span class='ocrx_word' id='word_1_10' title='bbox 1384 539 1503 605; x_wconf 88' lang='lat' dir='ltr'>autem</span> 
     </span>
     <span class='ocr_line' id='line_1_3' title="bbox 339 649 1503 756; baseline -0.002 -24"><span class='ocrx_word' id='word_1_11' title='bbox 339 651 381 732; x_wconf 87' lang='lat' dir='ltr'>de</span> <span class='ocrx_word' id='word_1_12' title='bbox 407 652 525 756; x_wconf 84' lang='lat' dir='ltr'>samo,</span> <span class='ocrx_word' id='word_1_13' title='bbox 555 665 618 730; x_wconf 92' lang='lat' dir='ltr'>aut</span> <span class='ocrx_word' id='word_1_14' title='bbox 645 649 686 732; x_wconf 84' lang='lat' dir='ltr'>de</span> <span class='ocrx_word' id='word_1_15' title='bbox 712 649 829 728; x_wconf 83' lang='lat' dir='ltr'>alieno</span> <span class='ocrx_word' id='word_1_16' title='bbox 856 649 984 728; x_wconf 85' lang='lat' dir='ltr'>auditu</span> <span class='ocrx_word' id='word_1_17' title='bbox 1004 649 1064 726; x_wconf 81' lang='lat' dir='ltr'>vir</span> <span class='ocrx_word' id='word_1_18' title='bbox 1083 649 1313 754; x_wconf 76' lang='lat' dir='ltr'>semiplenam</span> <span class='ocrx_word' id='word_1_19' title='bbox 1332 650 1503 730; x_wconf 79' lang='lat' dir='ltr'>exhibent</span> 
     </span>
     <span class='ocr_line' id='line_1_4' title="bbox 340 771 1499 880; baseline 0 -26"><span class='ocrx_word' id='word_1_20' title='bbox 340 775 607 880; x_wconf 84' lang='lat' dir='ltr'>probationem3</span> <span class='ocrx_word' id='word_1_21' title='bbox 630 787 785 854; x_wconf 91' lang='lat' dir='ltr'>-testes</span> <span class='ocrx_word' id='word_1_22' title='bbox 813 801 896 855; x_wconf 88' lang='lat' dir='ltr'>vero</span> <span class='ocrx_word' id='word_1_23' title='bbox 923 773 966 852; x_wconf 85' lang='lat' dir='ltr'>de</span> <span class='ocrx_word' id='word_1_24' title='bbox 993 771 1203 851; x_wconf 80' lang='lat' dir='ltr'>credulitate</span> <span class='ocrx_word' id='word_1_25' title='bbox 1217 773 1314 852; x_wconf 91' lang='lat' dir='ltr'>baud</span> <span class='ocrx_word' id='word_1_26' title='bbox 1334 774 1499 879; x_wconf 88' lang='lat' dir='ltr'>probant,</span> 
     </span>
     <span class='ocr_line' id='line_1_5' title="bbox 340 896 1502 1002; baseline -0.002 -24"><span class='ocrx_word' id='word_1_27' title='bbox 340 901 410 978; x_wconf 92' lang='lat' dir='ltr'>nisi</span> <span class='ocrx_word' id='word_1_28' title='bbox 438 898 528 979; x_wconf 85' lang='lat' dir='ltr'>torte</span> <span class='ocrx_word' id='word_1_29' title='bbox 543 898 715 978; x_wconf 91' lang='lat' dir='ltr'>rationem</span> <span class='ocrx_word' id='word_1_30' title='bbox 736 899 887 978; x_wconf 84' lang='lat' dir='ltr'>afferant</span> <span class='ocrx_word' id='word_1_31' title='bbox 905 897 999 977; x_wconf 90' lang='lat' dir='ltr'>lacto</span> <span class='ocrx_word' id='word_1_32' title='bbox 1018 896 1329 1002; x_wconf 82' lang='lat' dir='ltr'>aequipollentem,</span> <span class='ocrx_word' id='word_1_33' title='bbox 1353 911 1415 977; x_wconf 90' lang='lat' dir='ltr'>aut</span> <span class='ocrx_word' id='word_1_34' title='bbox 1433 899 1502 977; x_wconf 91' lang='lat' dir='ltr'>nisi</span> 
     </span>
     <span class='ocr_line' id='line_1_6' title="bbox 340 1020 1428 1129; baseline -0.006 -23"><span class='ocrx_word' id='word_1_35' title='bbox 340 1025 384 1106; x_wconf 89' lang='lat' dir='ltr'>de</span> <span class='ocrx_word' id='word_1_36' title='bbox 412 1025 456 1103; x_wconf 92' lang='lat' dir='ltr'>iis</span> <span class='ocrx_word' id='word_1_37' title='bbox 484 1037 625 1128; x_wconf 91' lang='lat' dir='ltr'>agatur,</span> <span class='ocrx_word' id='word_1_38' title='bbox 657 1050 749 1129; x_wconf 89' lang='lat' dir='ltr'>quae</span> <span class='ocrx_word' id='word_1_39' title='bbox 777 1023 823 1102; x_wconf 91' lang='lat' dir='ltr'>ab</span> <span class='ocrx_word' id='word_1_40' title='bbox 852 1023 939 1102; x_wconf 91' lang='lat' dir='ltr'>artis</span> <span class='ocrx_word' id='word_1_41' title='bbox 967 1021 1096 1128; x_wconf 91' lang='lat' dir='ltr'>peritia</span> <span class='ocrx_word' id='word_1_42' title='bbox 1123 1020 1328 1128; x_wconf 91' lang='lat' dir='ltr'>dependent</span> <span class='ocrx_word' id='word_1_43' title='bbox 1355 1021 1370 1126; x_wconf 89' lang='lat'>(</span> <span class='ocrx_word' id='word_1_44' title='bbox 1399 1021 1428 1126; x_wconf 86' lang='lat'>).</span> 
     </span>
    </p>

    <p class='ocr_par' dir='ltr' id='par_1_3' title="bbox 341 1149 1510 2618">
     <span class='ocr_line' id='line_1_7' title="bbox 420 1149 1498 1258; baseline 0 -28"><span class='ocrx_word' id='word_1_45' title='bbox 420 1153 471 1231; x_wconf 81' lang='lat' dir='ltr'>nd</span> <span class='ocrx_word' id='word_1_46' title='bbox 501 1153 570 1234; x_wconf 89' lang='lat' dir='ltr'>tim</span> <span class='ocrx_word' id='word_1_47' title='bbox 599 1151 773 1258; x_wconf 89' lang='lat' dir='ltr'>probandi</span> <span class='ocrx_word' id='word_1_48' title='bbox 802 1176 865 1258; x_wconf 89' lang='lat' dir='ltr'>per</span> <span class='ocrx_word' id='word_1_49' title='bbox 890 1164 1004 1230; x_wconf 87' lang='lat' dir='ltr'>testes</span> <span class='ocrx_word' id='word_1_50' title='bbox 1031 1149 1172 1256; x_wconf 86' lang='lat' dir='ltr'>plenius</span> <span class='ocrx_word' id='word_1_51' title='bbox 1209 1149 1498 1254; x_wconf 90' lang='lat' dir='ltr'>dignoscendam,</span> 
     </span>
     <span class='ocr_line' id='line_1_8' title="bbox 341 1274 1503 1383; baseline -0.003 -28"><span class='ocrx_word' id='word_1_52' title='bbox 341 1277 542 1356; x_wconf 91' lang='lat' dir='ltr'>meminisse</span> <span class='ocrx_word' id='word_1_53' title='bbox 571 1292 756 1383; x_wconf 88' lang='lat' dir='ltr'>praeterea</span> <span class='ocrx_word' id='word_1_54' title='bbox 789 1303 879 1382; x_wconf 93' lang='lat' dir='ltr'>opus</span> <span class='ocrx_word' id='word_1_55' title='bbox 906 1291 975 1372; x_wconf 89' lang='lat' dir='ltr'>est,</span> <span class='ocrx_word' id='word_1_56' title='bbox 1006 1276 1101 1380; x_wconf 95' lang='lat' dir='ltr'>quod</span> <span class='ocrx_word' id='word_1_57' title='bbox 1137 1274 1197 1353; x_wconf 94' lang='lat' dir='ltr'>alii</span> <span class='ocrx_word' id='word_1_58' title='bbox 1226 1275 1394 1354; x_wconf 88' lang='lat' dir='ltr'>dicuntur</span> <span class='ocrx_word' id='word_1_59' title='bbox 1421 1301 1503 1353; x_wconf 69' lang='lat' dir='ltr'>eote</span> 
     </span>
     <span class='ocr_line' id='line_1_9' title="bbox 341 1399 1499 1506; baseline 0.001 -29"><span class='ocrx_word' id='word_1_60' title='bbox 341 1412 459 1488; x_wconf 85' lang='lat' dir='ltr'>testes,</span> <span class='ocrx_word' id='word_1_61' title='bbox 496 1401 557 1480; x_wconf 91' lang='lat' dir='ltr'>alii</span> <span class='ocrx_word' id='word_1_62' title='bbox 586 1413 685 1480; x_wconf 85' lang='lat' dir='ltr'>testes</span> <span class='ocrx_word' id='word_1_63' title='bbox 724 1399 937 1506; x_wconf 77' lang='lat' dir='ltr'>singulares.</span> <span class='ocrx_word' id='word_1_64' title='bbox 960 1445 984 1460; x_wconf 97' lang='lat'><em>-</em></span> <span class='ocrx_word' id='word_1_65' title='bbox 1007 1405 1179 1478; x_wconf 83' lang='lat' dir='ltr'>Contestes</span> <span class='ocrx_word' id='word_1_66' title='bbox 1217 1414 1302 1479; x_wconf 91' lang='lat' dir='ltr'>sunt</span> <span class='ocrx_word' id='word_1_67' title='bbox 1339 1401 1410 1479; x_wconf 94' lang='lat' dir='ltr'>duo</span> <span class='ocrx_word' id='word_1_68' title='bbox 1447 1399 1499 1480; x_wconf 90' lang='lat' dir='ltr'>vel</span> 
     </span>
     <span class='ocr_line' id='line_1_10' title="bbox 341 1524 1505 1630; baseline -0.002 -26"><span class='ocrx_word' id='word_1_69' title='bbox 341 1525 475 1630; x_wconf 90' lang='lat' dir='ltr'>plures,</span> <span class='ocrx_word' id='word_1_70' title='bbox 506 1527 567 1630; x_wconf 92' lang='lat' dir='ltr'>qni</span> <span class='ocrx_word' id='word_1_71' title='bbox 596 1527 633 1604; x_wconf 94' lang='lat' dir='ltr'>in</span> <span class='ocrx_word' id='word_1_72' title='bbox 661 1525 785 1606; x_wconf 91' lang='lat' dir='ltr'>eadem</span> <span class='ocrx_word' id='word_1_73' title='bbox 813 1526 954 1604; x_wconf 93' lang='lat' dir='ltr'>omnino</span> <span class='ocrx_word' id='word_1_74' title='bbox 983 1525 1211 1604; x_wconf 89' lang='lat' dir='ltr'>consentiunt</span> <span class='ocrx_word' id='word_1_75' title='bbox 1247 1549 1365 1604; x_wconf 89' lang='lat' dir='ltr'>rerum</span> <span class='ocrx_word' id='word_1_76' title='bbox 1394 1524 1505 1602; x_wconf 83' lang='lat' dir='ltr'>laoto-</span> 
     </span>
     <span class='ocr_line' id='line_1_11' title="bbox 341 1635 1504 1754; baseline -0.002 -26"><span class='ocrx_word' id='word_1_77' title='bbox 341 1675 491 1754; x_wconf 85' lang='lat' dir='ltr'>rumque</span> <span class='ocrx_word' id='word_1_78' title='bbox 511 1650 765 1732; x_wconf 84' lang='lat' dir='ltr'>enuntiatione</span> <span class='ocrx_word' id='word_1_79' title='bbox 785 1661 847 1728; x_wconf 89' lang='lat' dir='ltr'>aut</span> <span class='ocrx_word' id='word_1_80' title='bbox 866 1635 1089 1746; x_wconf 80' lang='lat' dir='ltr'>narratione3</span> <span class='ocrx_word' id='word_1_81' title='bbox 1106 1649 1208 1753; x_wconf 92' lang='lat' dir='ltr'>-qui</span> <span class='ocrx_word' id='word_1_82' title='bbox 1228 1673 1311 1726; x_wconf 85' lang='lat' dir='ltr'>vero</span> <span class='ocrx_word' id='word_1_83' title='bbox 1326 1649 1364 1726; x_wconf 94' lang='lat' dir='ltr'>in</span> <span class='ocrx_word' id='word_1_84' title='bbox 1383 1648 1504 1727; x_wconf 94' lang='lat' dir='ltr'>eodem</span> 
     </span>
     <span class='ocr_line' id='line_1_12' title="bbox 341 1771 1506 1880; baseline -0.002 -28"><span class='ocrx_word' id='word_1_85' title='bbox 341 1773 485 1878; x_wconf 89' lang='lat' dir='ltr'>quidem</span> <span class='ocrx_word' id='word_1_86' title='bbox 514 1772 669 1870; x_wconf 84' lang='lat' dir='ltr'>iudicio,</span> <span class='ocrx_word' id='word_1_87' title='bbox 692 1786 729 1853; x_wconf 91' lang='lat' dir='ltr'>at</span> <span class='ocrx_word' id='word_1_88' title='bbox 757 1797 865 1880; x_wconf 91' lang='lat' dir='ltr'>super</span> <span class='ocrx_word' id='word_1_89' title='bbox 901 1773 1050 1852; x_wconf 82' lang='lat' dir='ltr'>diversis</span> <span class='ocrx_word' id='word_1_90' title='bbox 1082 1796 1154 1876; x_wconf 92' lang='lat' dir='ltr'>qno</span> <span class='ocrx_word' id='word_1_91' title='bbox 1190 1771 1235 1850; x_wconf 93' lang='lat' dir='ltr'>ad</span> <span class='ocrx_word' id='word_1_92' title='bbox 1268 1771 1506 1851; x_wconf 78' lang='lat' dir='ltr'>substantiam</span> 
     </span>
     <span class='ocr_line' id='line_1_13' title="bbox 341 1895 1509 2003; baseline -0.003 -25"><span class='ocrx_word' id='word_1_93' title='bbox 341 1899 398 1978; x_wconf 87' lang='lat' dir='ltr'>tel</span> <span class='ocrx_word' id='word_1_94' title='bbox 425 1923 496 2003; x_wconf 94' lang='lat' dir='ltr'>quo</span> <span class='ocrx_word' id='word_1_95' title='bbox 524 1897 568 1976; x_wconf 92' lang='lat' dir='ltr'>ad</span> <span class='ocrx_word' id='word_1_96' title='bbox 606 1897 893 1979; x_wconf 87' lang='lat' dir='ltr'>circumstantias</span> <span class='ocrx_word' id='word_1_97' title='bbox 929 1895 1181 1992; x_wconf 87' lang='lat' dir='ltr'>testificantur,</span> <span class='ocrx_word' id='word_1_98' title='bbox 1222 1896 1420 2002; x_wconf 78' lang='lat' dir='ltr'>singulares</span> <span class='ocrx_word' id='word_1_99' title='bbox 1450 1897 1509 1976; x_wconf 92' lang='lat' dir='ltr'>di-</span> 
     </span>
     <span class='ocr_line' id='line_1_14' title="bbox 342 2021 1503 2128; baseline 0 -26"><span class='ocrx_word' id='word_1_100' title='bbox 342 2037 486 2104; x_wconf 88' lang='lat' dir='ltr'>cuntur.</span> <span class='ocrx_word' id='word_1_101' title='bbox 509 2026 617 2102; x_wconf 90' lang='lat' dir='ltr'>Porro</span> <span class='ocrx_word' id='word_1_102' title='bbox 636 2023 732 2103; x_wconf 89' lang='lat' dir='ltr'>diota</span> <span class='ocrx_word' id='word_1_103' title='bbox 751 2021 941 2102; x_wconf 80' lang='lat' dir='ltr'>diversitos</span> <span class='ocrx_word' id='word_1_104' title='bbox 961 2025 1053 2102; x_wconf 88' lang='lat' dir='ltr'>circa</span> <span class='ocrx_word' id='word_1_105' title='bbox 1068 2024 1184 2102; x_wconf 88' lang='lat' dir='ltr'>omnia</span> <span class='ocrx_word' id='word_1_106' title='bbox 1203 2024 1503 2128; x_wconf 87' lang='lat' dir='ltr'>praedicamenta,</span> 
     </span>
     <span class='ocr_line' id='line_1_15' title="bbox 343 2148 1507 2255; baseline -0.001 -26"><span class='ocrx_word' id='word_1_107' title='bbox 343 2163 384 2230; x_wconf 93' lang='lat' dir='ltr'>ut</span> <span class='ocrx_word' id='word_1_108' title='bbox 412 2150 527 2246; x_wconf 88' lang='lat' dir='ltr'>aiunt,</span> <span class='ocrx_word' id='word_1_109' title='bbox 569 2151 773 2253; x_wconf 88' lang='lat' dir='ltr'>contingere</span> <span class='ocrx_word' id='word_1_110' title='bbox 809 2161 941 2255; x_wconf 90' lang='lat' dir='ltr'>potest,</span> <span class='ocrx_word' id='word_1_111' title='bbox 981 2148 1116 2228; x_wconf 88' lang='lat' dir='ltr'>scilicet</span> <span class='ocrx_word' id='word_1_112' title='bbox 1148 2148 1186 2226; x_wconf 93' lang='lat' dir='ltr'>in</span> <span class='ocrx_word' id='word_1_113' title='bbox 1221 2149 1507 2254; x_wconf 89' lang='lat' dir='ltr'>praedicamento</span> 
     </span>
     <span class='ocr_line' id='line_1_16' title="bbox 343 2273 1503 2382; baseline 0.001 -29"><span class='ocrx_word' id='word_1_114' title='bbox 343 2273 581 2372; x_wconf 88' lang='lat' dir='ltr'>substantiae,</span> <span class='ocrx_word' id='word_1_115' title='bbox 613 2275 841 2382; x_wconf 90' lang='lat' dir='ltr'>quantitatis,</span> <span class='ocrx_word' id='word_1_116' title='bbox 864 2275 1064 2380; x_wconf 83' lang='lat' dir='ltr'>qualitatis,</span> <span class='ocrx_word' id='word_1_117' title='bbox 1088 2275 1169 2370; x_wconf 89' lang='lat' dir='ltr'>loci,</span> <span class='ocrx_word' id='word_1_118' title='bbox 1192 2277 1375 2382; x_wconf 90' lang='lat' dir='ltr'>temporis,</span> <span class='ocrx_word' id='word_1_119' title='bbox 1399 2277 1503 2354; x_wconf 91' lang='lat' dir='ltr'>situs.</span> 
     </span>
     <span class='ocr_line' id='line_1_17' title="bbox 343 2397 1509 2504; baseline 0 -28"><span class='ocrx_word' id='word_1_120' title='bbox 343 2398 379 2476; x_wconf 90' lang='lat' dir='ltr'>Si</span> <span class='ocrx_word' id='word_1_121' title='bbox 400 2412 511 2478; x_wconf 90' lang='lat' dir='ltr'>testes</span> <span class='ocrx_word' id='word_1_122' title='bbox 525 2413 644 2478; x_wconf 88' lang='lat' dir='ltr'>autern</span> <span class='ocrx_word' id='word_1_123' title='bbox 664 2399 864 2502; x_wconf 84' lang='lat' dir='ltr'>singulares</span> <span class='ocrx_word' id='word_1_124' title='bbox 883 2397 1099 2477; x_wconf 86' lang='lat' dir='ltr'>dissentiant</span> <span class='ocrx_word' id='word_1_125' title='bbox 1117 2398 1235 2504; x_wconf 93' lang='lat' dir='ltr'>quoad</span> <span class='ocrx_word' id='word_1_126' title='bbox 1255 2397 1338 2478; x_wconf 85' lang='lat' dir='ltr'>facti</span> <span class='ocrx_word' id='word_1_127' title='bbox 1357 2424 1421 2477; x_wconf 92' lang='lat' dir='ltr'>seu</span> <span class='ocrx_word' id='word_1_128' title='bbox 1439 2401 1509 2477; x_wconf 87' lang='lat' dir='ltr'>cir-</span> 
     </span>
     <span class='ocr_line' id='line_1_18' title="bbox 343 2521 1510 2618; baseline 0 -18"><span class='ocrx_word' id='word_1_129' title='bbox 343 2524 638 2602; x_wconf 87' lang='lat' dir='ltr'>cumstantiarum</span> <span class='ocrx_word' id='word_1_130' title='bbox 665 2521 917 2618; x_wconf 87' lang='lat' dir='ltr'>substantiam,</span> <span class='ocrx_word' id='word_1_131' title='bbox 949 2523 998 2602; x_wconf 89' lang='lat' dir='ltr'>ita</span> <span class='ocrx_word' id='word_1_132' title='bbox 1022 2536 1063 2602; x_wconf 91' lang='lat' dir='ltr'>ut</span> <span class='ocrx_word' id='word_1_133' title='bbox 1082 2547 1204 2602; x_wconf 90' lang='lat' dir='ltr'>eorum</span> <span class='ocrx_word' id='word_1_134' title='bbox 1231 2525 1434 2603; x_wconf 90' lang='lat' dir='ltr'>testimonia</span> <span class='ocrx_word' id='word_1_135' title='bbox 1454 2523 1510 2601; x_wconf 91' lang='lat' dir='ltr'>in-</span> 
     </span>
    </p>
   </div>
   <div class='ocr_carea' id='block_1_3' title="bbox 343 2645 1510 3510">
    <p class='ocr_par' dir='ltr' id='par_1_4' title="bbox 343 2645 1510 3510">
     <span class='ocr_line' id='line_1_19' title="bbox 344 2645 1510 2753; baseline 0 -30"><span class='ocrx_word' id='word_1_136' title='bbox 344 2645 455 2724; x_wconf 87' lang='lat' dir='ltr'>vicem</span> <span class='ocrx_word' id='word_1_137' title='bbox 488 2658 708 2752; x_wconf 81' lang='lat' dir='ltr'>repugnent,</span> <span class='ocrx_word' id='word_1_138' title='bbox 739 2661 775 2726; x_wconf 89' lang='lat' dir='ltr'>et</span> <span class='ocrx_word' id='word_1_139' title='bbox 803 2647 983 2726; x_wconf 90' lang='lat' dir='ltr'>conciliari</span> <span class='ocrx_word' id='word_1_140' title='bbox 1016 2646 1130 2753; x_wconf 92' lang='lat' dir='ltr'>(quod</span> <span class='ocrx_word' id='word_1_141' title='bbox 1158 2647 1203 2726; x_wconf 91' lang='lat' dir='ltr'>ab</span> <span class='ocrx_word' id='word_1_142' title='bbox 1231 2647 1347 2727; x_wconf 92' lang='lat' dir='ltr'>iudice</span> <span class='ocrx_word' id='word_1_143' title='bbox 1380 2671 1510 2727; x_wconf 89' lang='lat' dir='ltr'>curan-</span> 
     </span>
     <span class='ocr_line' id='line_1_20' title="bbox 343 2770 1510 2877; baseline 0.001 -27"><span class='ocrx_word' id='word_1_144' title='bbox 343 2770 429 2850; x_wconf 92' lang='lat' dir='ltr'>dum</span> <span class='ocrx_word' id='word_1_145' title='bbox 444 2783 499 2850; x_wconf 91' lang='lat' dir='ltr'>est</span> <span class='ocrx_word' id='word_1_146' title='bbox 514 2772 573 2876; x_wconf 72' lang='grc'>(4)</span> <span class='ocrx_word' id='word_1_147' title='bbox 588 2774 603 2875; x_wconf 89' lang='grc'>)</span> <span class='ocrx_word' id='word_1_148' title='bbox 619 2771 761 2852; x_wconf 93' lang='lat' dir='ltr'>omnino</span> <span class='ocrx_word' id='word_1_149' title='bbox 777 2785 971 2877; x_wconf 87' lang='lat' dir='ltr'>nequeant,</span> <span class='ocrx_word' id='word_1_150' title='bbox 994 2785 1166 2851; x_wconf 87' lang='lat' dir='ltr'>vocantur</span> <span class='ocrx_word' id='word_1_151' title='bbox 1181 2783 1291 2852; x_wconf 87' lang='lat' dir='ltr'>testes</span> <span class='ocrx_word' id='word_1_152' title='bbox 1311 2773 1510 2877; x_wconf 80' lang='lat' dir='ltr'>singulares</span> 
     </span>
     <span class='ocr_line' id='line_1_21' title="bbox 343 2894 1507 3002; baseline 0.005 -31"><span class='ocrx_word' id='word_1_153' title='bbox 343 2894 808 3000; x_wconf 69' lang='lat' dir='ltr'>singularitatenbstatium·</span> <span class='ocrx_word' id='word_1_154' title='bbox 819 2941 843 2958; x_wconf 91' lang='lat'><em>-</em></span> <span class='ocrx_word' id='word_1_155' title='bbox 859 2897 889 2975; x_wconf 90' lang='lat' dir='ltr'>si</span> <span class='ocrx_word' id='word_1_156' title='bbox 903 2896 1002 2974; x_wconf 89' lang='lat' dir='ltr'>varia</span> <span class='ocrx_word' id='word_1_157' title='bbox 1017 2895 1212 3002; x_wconf 88' lang='lat' dir='ltr'>deponant,</span> <span class='ocrx_word' id='word_1_158' title='bbox 1230 2923 1381 3002; x_wconf 91' lang='lat' dir='ltr'>quorum</span> <span class='ocrx_word' id='word_1_159' title='bbox 1396 2924 1507 2977; x_wconf 92' lang='lat' dir='ltr'>unum</span> 
     </span>
     <span class='ocr_line' id='line_1_22' title="bbox 343 3021 1507 3128; baseline 0.005 -30"><span class='ocrx_word' id='word_1_160' title='bbox 343 3021 495 3102; x_wconf 87' lang='lat' dir='ltr'>alterum</span> <span class='ocrx_word' id='word_1_161' title='bbox 524 3049 588 3103; x_wconf 90' lang='lat' dir='ltr'>nce</span> <span class='ocrx_word' id='word_1_162' title='bbox 615 3023 767 3103; x_wconf 91' lang='lat' dir='ltr'>includit</span> <span class='ocrx_word' id='word_1_163' title='bbox 804 3049 869 3103; x_wconf 88' lang='lat' dir='ltr'>nec</span> <span class='ocrx_word' id='word_1_164' title='bbox 897 3023 1068 3120; x_wconf 80' lang='lat' dir='ltr'>excludit,</span> <span class='ocrx_word' id='word_1_165' title='bbox 1109 3023 1278 3104; x_wconf 90' lang='lat' dir='ltr'>dicuntur</span> <span class='ocrx_word' id='word_1_166' title='bbox 1310 3023 1507 3128; x_wconf 87' lang='lat' dir='ltr'>singulares</span> 
     </span>
     <span class='ocr_line' id='line_1_23' title="bbox 343 3147 1507 3256; baseline 0.003 -32"><span class='ocrx_word' id='word_1_167' title='bbox 343 3147 596 3253; x_wconf 80' lang='lat' dir='ltr'>siopnlart‘tote</span> <span class='ocrx_word' id='word_1_168' title='bbox 623 3149 925 3255; x_wconf 75' lang='lat' dir='ltr'>diversificoiioo,·</span> <span class='ocrx_word' id='word_1_169' title='bbox 943 3195 967 3212; x_wconf 90' lang='lat'>·</span> <span class='ocrx_word' id='word_1_170' title='bbox 986 3152 1017 3228; x_wconf 92' lang='lat' dir='ltr'>si</span> <span class='ocrx_word' id='word_1_171' title='bbox 1036 3149 1176 3230; x_wconf 88' lang='lat' dir='ltr'>diversa</span> <span class='ocrx_word' id='word_1_172' title='bbox 1195 3149 1393 3256; x_wconf 84' lang='lat' dir='ltr'>proferant,</span> <span class='ocrx_word' id='word_1_173' title='bbox 1416 3175 1507 3256; x_wconf 89' lang='lat' dir='ltr'>quae</span> 
     </span>
     <span class='ocr_line' id='line_1_24' title="bbox 344 3275 1506 3382; baseline 0.003 -32"><span class='ocrx_word' id='word_1_174' title='bbox 344 3284 464 3352; x_wconf 89' lang='lat' dir='ltr'>tamen</span> <span class='ocrx_word' id='word_1_175' title='bbox 492 3275 536 3354; x_wconf 93' lang='lat' dir='ltr'>ad</span> <span class='ocrx_word' id='word_1_176' title='bbox 566 3278 658 3354; x_wconf 91' lang='lat' dir='ltr'>idem</span> <span class='ocrx_word' id='word_1_177' title='bbox 687 3275 909 3381; x_wconf 87' lang='lat' dir='ltr'>probandum</span> <span class='ocrx_word' id='word_1_178' title='bbox 938 3275 1153 3371; x_wconf 81' lang='lat' dir='ltr'>conducant,</span> <span class='ocrx_word' id='word_1_179' title='bbox 1186 3277 1414 3382; x_wconf 90' lang='lat' dir='ltr'>appellantur</span> <span class='ocrx_word' id='word_1_180' title='bbox 1433 3277 1506 3355; x_wconf 93' lang='lat' dir='ltr'>sin-</span> 
     </span>
     <span class='ocr_line' id='line_1_25' title="bbox 345 3397 1501 3510; baseline 0.003 -36"><span class='ocrx_word' id='word_1_181' title='bbox 345 3397 486 3501; x_wconf 91' lang='lat' dir='ltr'>gulares</span> <span class='ocrx_word' id='word_1_182' title='bbox 514 3398 767 3504; x_wconf 77' lang='lat' dir='ltr'>singularitute</span> <span class='ocrx_word' id='word_1_183' title='bbox 785 3399 1085 3480; x_wconf 62' lang='lat' dir='ltr'>adminiculantia</span> <span class='ocrx_word' id='word_1_184' title='bbox 1106 3427 1169 3480; x_wconf 91' lang='lat' dir='ltr'>seu</span> <span class='ocrx_word' id='word_1_185' title='bbox 1189 3401 1406 3480; x_wconf 84' lang='lat' dir='ltr'>cumulativa</span> <span class='ocrx_word' id='word_1_186' title='bbox 1427 3401 1443 3510; x_wconf 91' lang='lat'>(</span> <span class='ocrx_word' id='word_1_187' title='bbox 1470 3400 1501 3507; x_wconf 90' lang='lat'>).</span> 
     </span>
    </p>
   </div>
   <div class='ocr_carea' id='block_1_4' title="bbox 344 3607 1510 4484">
    <p class='ocr_par' dir='ltr' id='par_1_5' title="bbox 344 3607 1510 4216">
     <span class='ocr_line' id='line_1_26' title="bbox 416 3607 1508 3684; baseline -0.002 -18"><span class='ocrx_word' id='word_1_188' title='bbox 416 3607 456 3682; x_wconf 81' lang='grc'>(1)</span> <span class='ocrx_word' id='word_1_189' title='bbox 468 3609 516 3667; x_wconf 87' lang='lat' dir='ltr'>Cir</span> <span class='ocrx_word' id='word_1_190' title='bbox 527 3611 701 3668; x_wconf 89' lang='lat' dir='ltr'>Leurenium</span> <span class='ocrx_word' id='word_1_191' title='bbox 716 3610 736 3668; x_wconf 85' lang='lat' dir='ltr'>i.</span> <span class='ocrx_word' id='word_1_192' title='bbox 747 3628 770 3669; x_wconf 89' lang='lat' dir='ltr'>c.</span> <span class='ocrx_word' id='word_1_193' title='bbox 782 3627 805 3668; x_wconf 89' lang='lat' dir='ltr'>c.</span> <span class='ocrx_word' id='word_1_194' title='bbox 816 3615 844 3666; x_wconf 77' lang='lat'>3.</span> <span class='ocrx_word' id='word_1_195' title='bbox 864 3627 912 3684; x_wconf 87' lang='lat' dir='ltr'>qq.</span> <span class='ocrx_word' id='word_1_196' title='bbox 926 3615 987 3680; x_wconf 71' lang='grc'><strong><em>644,</em></strong></span> <span class='ocrx_word' id='word_1_197' title='bbox 1003 3613 1064 3679; x_wconf 77' lang='lat' dir='ltr'>eit,</span> <span class='ocrx_word' id='word_1_198' title='bbox 1079 3615 1167 3668; x_wconf 77' lang='grc'><strong><em>644.-</em></strong></span> <span class='ocrx_word' id='word_1_199' title='bbox 1177 3613 1206 3668; x_wconf 88' lang='lat' dir='ltr'>Is</span> <span class='ocrx_word' id='word_1_200' title='bbox 1220 3619 1318 3668; x_wconf 89' lang='lat' dir='ltr'>auctor</span> <span class='ocrx_word' id='word_1_201' title='bbox 1331 3619 1441 3683; x_wconf 88' lang='lat' dir='ltr'>quaest.</span> <span class='ocrx_word' id='word_1_202' title='bbox 1456 3615 1508 3668; x_wconf 73' lang='grc'>442</span> 
     </span>
     <span class='ocr_line' id='line_1_27' title="bbox 345 3693 1507 3770; baseline 0.002 -16"><span class='ocrx_word' id='word_1_203' title='bbox 345 3693 522 3754; x_wconf 87' lang='lat' dir='ltr'>demonstret</span> <span class='ocrx_word' id='word_1_204' title='bbox 541 3711 629 3770; x_wconf 91' lang='lat' dir='ltr'>qnare</span> <span class='ocrx_word' id='word_1_205' title='bbox 653 3706 738 3756; x_wconf 87' lang='lat' dir='ltr'>testes</span> <span class='ocrx_word' id='word_1_206' title='bbox 757 3700 790 3757; x_wconf 81' lang='lat' dir='ltr'>tie</span> <span class='ocrx_word' id='word_1_207' title='bbox 807 3699 982 3757; x_wconf 76' lang='lat' dir='ltr'>credulitate</span> <span class='ocrx_word' id='word_1_208' title='bbox 1000 3713 1032 3755; x_wconf 92' lang='lat' dir='ltr'>ac</span> <span class='ocrx_word' id='word_1_209' title='bbox 1051 3699 1084 3756; x_wconf 84' lang='lat' dir='ltr'>de</span> <span class='ocrx_word' id='word_1_210' title='bbox 1103 3700 1211 3757; x_wconf 83' lang='lat' dir='ltr'>audito</span> <span class='ocrx_word' id='word_1_211' title='bbox 1234 3699 1377 3756; x_wconf 88' lang='lat' dir='ltr'>ordinarie</span> <span class='ocrx_word' id='word_1_212' title='bbox 1397 3714 1449 3756; x_wconf 91' lang='lat' dir='ltr'>seu</span> <span class='ocrx_word' id='word_1_213' title='bbox 1466 3714 1507 3756; x_wconf 91' lang='lat' dir='ltr'>re·</span> 
     </span>
     <span class='ocr_line' id='line_1_28' title="bbox 345 3785 1508 3860; baseline 0.003 -18"><span class='ocrx_word' id='word_1_214' title='bbox 345 3785 484 3856; x_wconf 80' lang='lat' dir='ltr'>gulariter</span> <span class='ocrx_word' id='word_1_215' title='bbox 503 3801 557 3844; x_wconf 87' lang='lat' dir='ltr'>nee.</span> <span class='ocrx_word' id='word_1_216' title='bbox 573 3787 695 3858; x_wconf 89' lang='lat' dir='ltr'>probent</span> <span class='ocrx_word' id='word_1_217' title='bbox 713 3803 765 3846; x_wconf 87' lang='lat' dir='ltr'>nco</span> <span class='ocrx_word' id='word_1_218' title='bbox 779 3788 967 3846; x_wconf 85' lang='lat' dir='ltr'>admittantur</span> <span class='ocrx_word' id='word_1_219' title='bbox 983 3786 1049 3855; x_wconf 83' lang='lat' dir='ltr'>(nn.</span> <span class='ocrx_word' id='word_1_220' title='bbox 1071 3791 1215 3860; x_wconf 78' lang='lat' dir='ltr'>t-a).-At</span> <span class='ocrx_word' id='word_1_221' title='bbox 1227 3787 1324 3860; x_wconf 88' lang='lat' dir='ltr'>plnres</span> <span class='ocrx_word' id='word_1_222' title='bbox 1339 3789 1368 3846; x_wconf 92' lang='lat' dir='ltr'>in</span> <span class='ocrx_word' id='word_1_223' title='bbox 1381 3789 1508 3846; x_wconf 89' lang='lat' dir='ltr'>medium</span> 
     </span>
     <span class='ocr_line' id='line_1_29' title="bbox 344 3873 1508 3950; baseline 0.004 -20"><span class='ocrx_word' id='word_1_224' title='bbox 344 3873 453 3944; x_wconf 77' lang='lat' dir='ltr'>profert</span> <span class='ocrx_word' id='word_1_225' title='bbox 472 3875 611 3932; x_wconf 90' lang='lat' dir='ltr'>eiusmodi</span> <span class='ocrx_word' id='word_1_226' title='bbox 631 3877 748 3948; x_wconf 82' lang='lat' dir='ltr'>regulae</span> <span class='ocrx_word' id='word_1_227' title='bbox 767 3877 948 3948; x_wconf 83' lang='lat' dir='ltr'>exceptiones</span> <span class='ocrx_word' id='word_1_228' title='bbox 961 3875 1026 3942; x_wconf 82' lang='lat' dir='ltr'>(nn.</span> <span class='ocrx_word' id='word_1_229' title='bbox 1040 3879 1117 3948; x_wconf 77' lang='grc'><strong><em>3-4),</em></strong></span> <span class='ocrx_word' id='word_1_230' title='bbox 1130 3885 1162 3934; x_wconf 94' lang='lat' dir='ltr'>ut</span> <span class='ocrx_word' id='word_1_231' title='bbox 1181 3877 1345 3950; x_wconf 82' lang='lat' dir='ltr'>frequenter</span> <span class='ocrx_word' id='word_1_232' title='bbox 1363 3877 1465 3936; x_wconf 86' lang='lat' dir='ltr'>accidit</span> <span class='ocrx_word' id='word_1_233' title='bbox 1478 3880 1508 3935; x_wconf 93' lang='lat' dir='ltr'>in</span> 
     </span>
     <span class='ocr_line' id='line_1_30' title="bbox 344 3963 1510 4038; baseline 0 -16"><span class='ocrx_word' id='word_1_234' title='bbox 344 3965 439 4022; x_wconf 82' lang='lat' dir='ltr'>tausis</span> <span class='ocrx_word' id='word_1_235' title='bbox 458 3967 720 4024; x_wconf 87' lang='lat' dir='ltr'>matrimonialibus</span> <span class='ocrx_word' id='word_1_236' title='bbox 735 3963 770 4023; x_wconf 89' lang='lat' dir='ltr'>de</span> <span class='ocrx_word' id='word_1_237' title='bbox 780 3965 900 4024; x_wconf 87' lang='lat' dir='ltr'>testibus</span> <span class='ocrx_word' id='word_1_238' title='bbox 913 3967 1052 4038; x_wconf 73' lang='lat' dir='ltr'>septimae</span> <span class='ocrx_word' id='word_1_239' title='bbox 1065 3981 1181 4024; x_wconf 75' lang='lat' dir='ltr'>montis.</span> <span class='ocrx_word' id='word_1_240' title='bbox 1193 3997 1212 4007; x_wconf 94' lang='lat'><em>—</em></span> <span class='ocrx_word' id='word_1_241' title='bbox 1222 3970 1335 4033; x_wconf 86' lang='lat' dir='ltr'>Quaest.</span> <span class='ocrx_word' id='word_1_242' title='bbox 1351 3971 1510 4026; x_wconf 72' lang='lat' dir='ltr'>antemnis</span> 
     </span>
     <span class='ocr_line' id='line_1_31' title="bbox 345 4055 1509 4129; baseline 0.002 -19"><span class='ocrx_word' id='word_1_243' title='bbox 345 4061 372 4110; x_wconf 90' lang='lat' dir='ltr'>et</span> <span class='ocrx_word' id='word_1_244' title='bbox 390 4059 442 4110; x_wconf 82' lang='grc'>444</span> <span class='ocrx_word' id='word_1_245' title='bbox 462 4055 545 4126; x_wconf 86' lang='lat' dir='ltr'>ptura</span> <span class='ocrx_word' id='word_1_246' title='bbox 559 4055 674 4113; x_wconf 87' lang='lat' dir='ltr'>disserit</span> <span class='ocrx_word' id='word_1_247' title='bbox 686 4055 720 4112; x_wconf 86' lang='lat' dir='ltr'>de</span> <span class='ocrx_word' id='word_1_248' title='bbox 732 4056 824 4129; x_wconf 75' lang='lat' dir='ltr'>sonte,</span> <span class='ocrx_word' id='word_1_249' title='bbox 840 4062 867 4112; x_wconf 87' lang='lat' dir='ltr'>et</span> <span class='ocrx_word' id='word_1_250' title='bbox 878 4069 1020 4127; x_wconf 87' lang='lat' dir='ltr'>quaenam</span> <span class='ocrx_word' id='word_1_251' title='bbox 1032 4055 1229 4126; x_wconf 87' lang='lat' dir='ltr'>requirantur,</span> <span class='ocrx_word' id='word_1_252' title='bbox 1243 4063 1275 4113; x_wconf 86' lang='lat' dir='ltr'>ut</span> <span class='ocrx_word' id='word_1_253' title='bbox 1289 4056 1416 4114; x_wconf 77' lang='lat' dir='ltr'>testeadt</span> <span class='ocrx_word' id='word_1_254' title='bbox 1426 4055 1509 4128; x_wconf 75' lang='lat' dir='ltr'>soma</span> 
     </span>
     <span class='ocr_line' id='line_1_32' title="bbox 344 4141 796 4216; baseline 0.002 -18"><span class='ocrx_word' id='word_1_255' title='bbox 344 4141 517 4214; x_wconf 87' lang='lat' dir='ltr'>deponentes</span> <span class='ocrx_word' id='word_1_256' title='bbox 536 4143 648 4214; x_wconf 90' lang='lat' dir='ltr'>aliquid</span> <span class='ocrx_word' id='word_1_257' title='bbox 668 4145 796 4216; x_wconf 87' lang='lat' dir='ltr'>probant.</span> 
     </span>
    </p>

    <p class='ocr_par' dir='ltr' id='par_1_6' title="bbox 344 4231 1506 4394">
     <span class='ocr_line' id='line_1_33' title="bbox 414 4231 1506 4308; baseline 0.002 -20"><span class='ocrx_word' id='word_1_258' title='bbox 414 4231 454 4304; x_wconf 70' lang='lat'>(2)</span> <span class='ocrx_word' id='word_1_259' title='bbox 474 4232 545 4290; x_wconf 86' lang='lat' dir='ltr'>Vide</span> <span class='ocrx_word' id='word_1_260' title='bbox 570 4233 688 4305; x_wconf 84' lang='lat' dir='ltr'>Pirbing</span> <span class='ocrx_word' id='word_1_261' title='bbox 708 4233 759 4290; x_wconf 82' lang='lat' dir='ltr'>tte.</span> <span class='ocrx_word' id='word_1_262' title='bbox 780 4239 807 4291; x_wconf 83' lang='lat'>2.</span> <span class='ocrx_word' id='word_1_263' title='bbox 834 4235 881 4292; x_wconf 85' lang='lat' dir='ltr'>tit.</span> <span class='ocrx_word' id='word_1_264' title='bbox 903 4240 947 4293; x_wconf 76' lang='lat'>20.</span> <span class='ocrx_word' id='word_1_265' title='bbox 967 4250 999 4292; x_wconf 86' lang='lat' dir='ltr'>tt.</span> <span class='ocrx_word' id='word_1_266' title='bbox 1030 4239 1091 4293; x_wconf 74' lang='grc'><strong><em>444.</em></strong></span> <span class='ocrx_word' id='word_1_267' title='bbox 1111 4241 1139 4292; x_wconf 89' lang='lat' dir='ltr'>et</span> <span class='ocrx_word' id='word_1_268' title='bbox 1156 4249 1244 4308; x_wconf 66' lang='lat' dir='ltr'>seqq,</span> <span class='ocrx_word' id='word_1_269' title='bbox 1265 4249 1280 4291; x_wconf 90' lang='lat' dir='ltr'>a</span> <span class='ocrx_word' id='word_1_270' title='bbox 1300 4249 1358 4306; x_wconf 89' lang='lat' dir='ltr'>qno</span> <span class='ocrx_word' id='word_1_271' title='bbox 1383 4235 1506 4294; x_wconf 81' lang='lat' dir='ltr'>Lauren.</span> 
     </span>
     <span class='ocr_line' id='line_1_34' title="bbox 344 4321 632 4394; baseline 0 -15"><span class='ocrx_word' id='word_1_272' title='bbox 344 4321 419 4379; x_wconf 80' lang='lat' dir='ltr'>tote.</span> <span class='ocrx_word' id='word_1_273' title='bbox 439 4329 549 4394; x_wconf 81' lang='lat' dir='ltr'>quaeat.</span> <span class='ocrx_word' id='word_1_274' title='bbox 570 4328 632 4380; x_wconf 81' lang='grc'><strong><em>4444.</em></strong></span> 
     </span>
    </p>

    <p class='ocr_par' dir='ltr' id='par_1_7' title="bbox 417 4400 920 4484">
     <span class='ocr_line' id='line_1_35' title="bbox 417 4400 920 4484; baseline -0.008 -14"><span class='ocrx_word' id='word_1_275' title='bbox 417 4407 454 4484; x_wconf 85' lang='grc'>(3)</span> <span class='ocrx_word' id='word_1_276' title='bbox 474 4400 632 4470; x_wconf 82' lang='lat' dir='ltr'>Lenianius</span> <span class='ocrx_word' id='word_1_277' title='bbox 651 4411 670 4469; x_wconf 94' lang='lat' dir='ltr'>t.</span> <span class='ocrx_word' id='word_1_278' title='bbox 691 4427 715 4469; x_wconf 89' lang='lat' dir='ltr'>e.</span> <span class='ocrx_word' id='word_1_279' title='bbox 728 4419 837 4484; x_wconf 82' lang='lat' dir='ltr'>quaest.</span> <span class='ocrx_word' id='word_1_280' title='bbox 857 4417 920 4471; x_wconf 76' lang='lat' dir='ltr'>aot.</span> 
     </span>
    </p>
   </div>
   <div class='ocr_carea' id='block_1_5' title="bbox 0 0 1724 5300">
    <p class='ocr_par' dir='ltr' id='par_1_8' title="bbox 0 0 1724 5300">
     <span class='ocr_line' id='line_1_36' title="bbox 0 0 1724 5300; baseline 0 0"><span class='ocrx_word' id='word_1_281' title='bbox 0 0 1724 5300; x_wconf 95' lang='lat' dir='ltr'> </span> 
     </span>
    </p>
   </div>
  </div>
 </body>
</html>
