3402 5292
853 398 963 459 ..34r
992 429 1029 442 ..

319 523 322 530 '
364 533 458 599 stare
473 513 739 624 de‘iuragritate
763 537 799 602 et
814 523 960 628 physica
980 521 1186 625 virginitate
1207 519 1341 614 Iuliae,
1359 521 1414 600 rel
1435 545 1532 600 nun-

361 669 468 749 qnam
498 645 533 720 in
562 644 656 722 omni
684 671 769 724 easu
796 646 841 726 de
869 647 1057 726 mulierum
1085 645 1290 746 uirginitate
1310 671 1352 724 ex
1372 645 1529 750 eorporis

362 766 581 872 inspectione
610 783 773 848 constare
789 794 906 874 posse,
926 770 1018 874 quod
1036 784 1157 850 tamen
1171 783 1207 848 et
1223 769 1344 874 praxis
1364 767 1531 846 tribuna-

362 889 449 966 lium
469 904 504 968 et
525 891 601 996 ipsa
621 916 720 970 sacra
735 893 1016 996 jurisprudentia
1030 891 1240 972 excludunt.
1267 895 1383 980 Quare
1403 891 1530 970 merito

363 1026 399 1090 et
412 1014 468 1092 hio
479 1014 763 1094 oonoludendum
777 1029 832 1094 est
843 1041 922 1094 oum
933 1017 991 1110 iis,
1010 1041 1102 1121 quae
1118 1015 1155 1094 in
1171 1013 1307 1092 duriori
1316 1039 1402 1092 nasu
1421 1039 1531 1118 quam

363 1151 500 1232 nostro,
533 1137 689 1217 decrevit
727 1139 916 1242 Gregorius
945 1144 1029 1218 vtll
1058 1164 1138 1245 oap.
1174 1138 1391 1243 proposuisti
1420 1147 1457 1233 l,
1488 1137 1532 1218 de

361 1261 563 1368 probation.
595 1263 730 1344 -iti-
761 1295 779 1338 ‹
812 1265 936 1342 Mulier
959 1265 1159 1371 proposuit,
1190 1288 1228 1342 se
1247 1289 1313 1344 neo
1332 1291 1352 1342 a
1369 1266 1444 1344 viro
1472 1289 1534 1344 eo-

367 1387 557 1489 «gudam,
590 1412 655 1466 neo
683 1389 841 1493 potuisse
870 1388 1051 1491 eognosoi:
1083 1387 1178 1491 quod
1207 1398 1282 1464 tunt
1306 1389 1454 1493 proprio
1472 1389 1532 1466 itt-

367 1523 587 1598 «ramento,
615 1537 723 1616 quam
752 1511 949 1590 testimonio
976 1527 1113 1617 septem
1141 1512 1328 1590 mulierum
1348 1513 1528 1616 probavit,

368 1659 501 1739 «quae
529 1659 593 1740 per
621 1649 805 1739 aspectum
832 1635 989 1740 eorporis
1016 1661 1094 1712 eam
1122 1659 1199 1712 esse
1233 1633 1405 1737 virginem
1433 1661 1533 1714 asse-

368 1773 571 1853 «ruerant,
603 1759 678 1836 vir‘o
707 1784 770 1863 per
799 1759 1037 1838 iuramentum
1065 1759 1407 1838 suumeontrnrinm
1436 1785 1534 1838 usse-

368 1894 520 1962 «rente.
562 1881 711 1960 Videtur
739 1883 849 1986 igitur
877 1882 979 1960 nobis
1012 1883 1109 1987 quod
1142 1882 1342 1962 iuramento
1372 1881 1532 1986 puellae,

367 2020 441 2086 «et
469 2005 668 2086 testimonio
695 2005 844 2086 illarum
873 2019 1002 2112 septem
1028 2005 1221 2086 mulierum
1238 2005 1323 2111 fides
1344 2018 1395 2086 eet
1409 2008 1533 2111 potius

368 2165 386 2209 ‹
410 2133 609 2215 adhibendo
634 2163 669 2208 ».

263 2442 268 2452 ,
368 2365 399 2448 c)
421 2364 465 2436 lte
488 2361 585 2454 greri
609 2363 644 2436 et
667 2362 757 2434 iuste
786 2377 885 2434 oense
907 2359 948 2432 ed
978 2358 1235 2450 dispensentur.
1246 2343 1274 2408 ”-
1289 2357 1534 2449 deernimus

431 2471 540 2544 iuetee
564 2471 597 2542 in
620 2487 699 2542 oeeu
721 2469 912 2542 eeneurrent
933 2485 1116 2562 grereeque
1147 2485 1265 2539 oeueee
1289 2486 1346 2558 pro
1369 2465 1537 2558 pontilluie

435 2577 691 2670 dispensetione;
716 2593 795 2668 queo
826 2577 867 2647 eb
889 2573 1013 2647 eotueli
1036 2573 1108 2646 eive
1138 2574 1296 2665 perpetue
1318 2573 1389 2646 eive
1412 2575 1535 2665 ternpo-

432 2685 496 2757 reli
518 2682 711 2774 inpotentie
730 2681 804 2770 riri,
816 2682 912 2774 etque
929 2699 971 2754 ex
985 2680 1163 2753 umorum
1175 2679 1346 2754 eversione
1362 2679 1529 2772 petuntur.

448 2905 512 2975 35.
526 2897 573 2974 Ut
585 2907 704 2974 autem
717 2893 912 2995 3⁰gradum
933 2893 1104 2971 laniamus
1132 2892 1177 2970 ad
1192 2919 1338 2997 gravem
1352 2905 1386 2972 et
1400 2892 1536 2970 instant·

368 3039 513 3098 censam
529 3016 759 3123 dispensandi
774 3041 881 3120 super
898 3016 1120 3094 matrimonio
1136 3029 1215 3094 rato
1225 3030 1261 3094 et
1276 3042 1350 3096 non
1364 3041 1531 3096 eonsum-

368 3156 477 3235 mato‚
500 3143 572 3218 etsi
589 3139 807 3218 contendant
826 3140 919 3218 inter
934 3165 971 3218 se
991 3138 1169 3234 doetores,
1192 3153 1314 3218 utrum
1333 3139 1534 3218 neeessaria

369 3292 411 3345 ea
425 3267 471 3344 sit
484 3265 527 3343 ad
540 3263 743 3370 pontilioiae
757 3263 1035 3368 dispensationis
1045 3262 1287 3370 validitatem,
1304 3264 1341 3342 in
1356 3289 1397 3342 oo
1412 3245 1533 3341 tamen

369 3413 491 3466 omnes
521 3402 598 3468 tum
627 3387 781 3489 theologi
801 3402 877 3466 tum
896 3387 1102 3466 canonistae
1123 3387 1366 3480 consentiunt,
1390 3412 1532 3465 oausam

368 3512 500 3590 iustam
529 3535 678 3616 eamque
708 3535 849 3613 gravem
877 3510 1025 3615 requiri,
1058 3525 1099 3590 ut
1127 3513 1195 3590 rite
1224 3537 1384 3590 summus
1409 3511 1533 3590 Ponti-

369 3634 426 3713 fex
454 3635 742 3739 dispensationes
770 3634 972 3714 huiusmodi
1001 3635 1210 3738 elargiatur.
1246 3637 1338 3714 Hine
1376 3637 1534 3716 Sauehee

368 3760 464 3863 (Op.
496 3757 558 3836 eit.
589 3757 651 3837 lid.
676 3767 713 3835 ἓ.
736 3757 828 3862 disp.
855 3765 901 3836 16
917 3785 984 3864 per
1002 3759 1131 3861 totam)
1151 3785 1213 3838 sex
1234 3773 1420 3838 enumerat
1440 3757 1537 3836 eius-

368 3881 463 3959 modi
491 3907 631 3975 oausas,
662 3906 814 3985 quarum
841 3895 995 3985 quatuor
1032 3895 1175 3960 tantum
1204 3883 1340 3988 priores
1367 3881 1411 3958 de
1440 3880 1534 3987 stylo

369 4007 511 4086 admitti
527 4019 683 4084 testatur
697 4005 848 4086 Corrndo
864 4005 1016 4109 (Frueris
1032 4003 1229 4111 dispensat.
1246 4005 1395 4111 apostol.
1410 4004 1473 4084 tit.
1492 4013 1530 4084 8.

370 4156 449 4236 cup.
483 4139 520 4210 7.
553 4157 589 4208 n.
623 4139 669 4209 27
698 4141 733 4208 et
760 4131 889 4236 sopp).
932 4129 999 4208 Alii
1036 4131 1204 4236 superius
1241 4131 1343 4210 nitati
1371 4144 1535 4209 auctores

370 4255 436 4333 has
464 4269 500 4334 et
530 4255 618 4334 alias
646 4255 683 4332 in
710 4253 863 4333 medium
893 4255 1080 4361 prolerunt
1109 4280 1249 4348 eeusas,
1271 4279 1364 4358 quae
1384 4253 1430 4334 ab
1450 4277 1563 4358 apo·-

372 4378 495 4458 stolioa
524 4377 613 4458 Sede
641 4377 883 4459 admittuntur
911 4378 956 4458 ad
984 4377 1264 4482 dispensandum
1282 4401 1390 4481 super
1410 4376 1537 4456 huius-
