<?xml version="1.0" encoding="UTF-8"?>
<!DOCTYPE html PUBLIC "-//W3C//DTD XHTML 1.0 Transitional//EN"
    "http://www.w3.org/TR/xhtml1/DTD/xhtml1-transitional.dtd">
<html xmlns="http://www.w3.org/1999/xhtml" xml:lang="en" lang="en">
 <head>
  <title>
</title>
<meta http-equiv="Content-Type" content="text/html;charset=utf-8" />
  <meta name='ocr-system' content='tesseract 3.04.00' />
  <meta name='ocr-capabilities' content='ocr_page ocr_carea ocr_par ocr_line ocrx_word'/>
</head>
<body>
  <div class='ocr_page' id='page_1' title='image "./deimpedimentism00mansgoog_0077.png"; bbox 0 0 3456 5300; ppageno 0'>
   <div class='ocr_carea' id='block_1_1' title="bbox 364 431 1536 2765">
    <p class='ocr_par' dir='ltr' id='par_1_1' title="bbox 863 431 1019 492">
     <span class='ocr_line' id='line_1_1' title="bbox 863 431 1019 492; baseline 0.006 -17"><span class='ocrx_word' id='word_1_1' title='bbox 863 461 900 475; x_wconf 91' lang='lat'>..</span> <span class='ocrx_word' id='word_1_2' title='bbox 923 431 961 492; x_wconf 78' lang='lat'>58</span> <span class='ocrx_word' id='word_1_3' title='bbox 983 461 1019 476; x_wconf 89' lang='lat'><em>-</em></span> 
     </span>
    </p>

    <p class='ocr_par' dir='ltr' id='par_1_2' title="bbox 364 552 1536 2765">
     <span class='ocr_line' id='line_1_2' title="bbox 364 552 1530 660; baseline 0.001 -31"><span class='ocrx_word' id='word_1_4' title='bbox 364 577 447 630; x_wconf 94' lang='lat' dir='ltr'>eum</span> <span class='ocrx_word' id='word_1_5' title='bbox 475 577 617 658; x_wconf 91' lang='lat' dir='ltr'>quoquc</span> <span class='ocrx_word' id='word_1_6' title='bbox 655 553 803 656; x_wconf 84' lang='lat' dir='ltr'>gradum</span> <span class='ocrx_word' id='word_1_7' title='bbox 840 579 904 633; x_wconf 90' lang='lat' dir='ltr'>sen</span> <span class='ocrx_word' id='word_1_8' title='bbox 941 579 1126 660; x_wconf 82' lang='lat' dir='ltr'><strong>personas,</strong></span> <span class='ocrx_word' id='word_1_9' title='bbox 1166 552 1352 632; x_wconf 86' lang='lat' dir='ltr'>affinitatis</span> <span class='ocrx_word' id='word_1_10' title='bbox 1388 577 1530 656; x_wconf 93' lang='lat' dir='ltr'>quoque</span> 
     </span>
     <span class='ocr_line' id='line_1_3' title="bbox 364 675 1531 780; baseline -0.001 -27"><span class='ocrx_word' id='word_1_11' title='bbox 364 675 496 780; x_wconf 80' lang='lat' dir='ltr'>gradus</span> <span class='ocrx_word' id='word_1_12' title='bbox 525 677 791 757; x_wconf 77' lang='lat' dir='ltr'>extenderetur.</span> <span class='ocrx_word' id='word_1_13' title='bbox 824 677 893 756; x_wconf 88' lang='lat' dir='ltr'>Sed</span> <span class='ocrx_word' id='word_1_14' title='bbox 921 703 985 756; x_wconf 92' lang='lat' dir='ltr'>nos</span> <span class='ocrx_word' id='word_1_15' title='bbox 1013 689 1189 756; x_wconf 91' lang='lat' dir='ltr'>statutum</span> <span class='ocrx_word' id='word_1_16' title='bbox 1218 675 1434 754; x_wconf 90' lang='lat' dir='ltr'>sacrosancti</span> <span class='ocrx_word' id='word_1_17' title='bbox 1462 679 1531 752; x_wconf 90' lang='lat' dir='ltr'>La-</span> 
     </span>
     <span class='ocr_line' id='line_1_4' title="bbox 364 799 1529 896; baseline -0.001 -19"><span class='ocrx_word' id='word_1_18' title='bbox 364 800 565 878; x_wconf 88' lang='lat' dir='ltr'>teranensis</span> <span class='ocrx_word' id='word_1_19' title='bbox 594 800 753 896; x_wconf 85' lang='lat' dir='ltr'>Concilii,</span> <span class='ocrx_word' id='word_1_20' title='bbox 785 803 842 880; x_wconf 91' lang='lat' dir='ltr'>cui</span> <span class='ocrx_word' id='word_1_21' title='bbox 871 803 1078 881; x_wconf 89' lang='lat' dir='ltr'>Patriarcha</span> <span class='ocrx_word' id='word_1_22' title='bbox 1107 814 1229 880; x_wconf 90' lang='lat' dir='ltr'>noster</span> <span class='ocrx_word' id='word_1_23' title='bbox 1247 801 1444 878; x_wconf 80' lang='lat' dir='ltr'>Hieremias</span> <span class='ocrx_word' id='word_1_24' title='bbox 1472 799 1529 876; x_wconf 94' lang='lat' dir='ltr'>in·</span> 
     </span>
     <span class='ocr_line' id='line_1_5' title="bbox 365 923 1532 1030; baseline -0.003 -28"><span class='ocrx_word' id='word_1_25' title='bbox 365 924 503 1018; x_wconf 89' lang='lat' dir='ltr'>terluit,</span> <span class='ocrx_word' id='word_1_26' title='bbox 535 924 572 1002; x_wconf 93' lang='lat' dir='ltr'>in</span> <span class='ocrx_word' id='word_1_27' title='bbox 610 923 793 1030; x_wconf 89' lang='lat' dir='ltr'>praedicto</span> <span class='ocrx_word' id='word_1_28' title='bbox 829 939 958 1030; x_wconf 90' lang='lat' dir='ltr'>quarto</span> <span class='ocrx_word' id='word_1_29' title='bbox 996 925 1182 1004; x_wconf 89' lang='lat' dir='ltr'>affinitatis</span> <span class='ocrx_word' id='word_1_30' title='bbox 1215 923 1327 1025; x_wconf 81' lang='lat' dir='ltr'>gradu</span> <span class='ocrx_word' id='word_1_31' title='bbox 1363 923 1532 1000; x_wconf 83' lang='lat' dir='ltr'>ohserva-</span> 
     </span>
     <span class='ocr_line' id='line_1_6' title="bbox 364 1045 1529 1152; baseline -0.003 -26"><span class='ocrx_word' id='word_1_32' title='bbox 364 1074 460 1144; x_wconf 92' lang='lat' dir='ltr'>mus;</span> <span class='ocrx_word' id='word_1_33' title='bbox 497 1048 658 1152; x_wconf 81' lang='lat' dir='ltr'>adeoque</span> <span class='ocrx_word' id='word_1_34' title='bbox 678 1046 914 1144; x_wconf 91' lang='lat' dir='ltr'>declaramus,</span> <span class='ocrx_word' id='word_1_35' title='bbox 936 1047 1032 1152; x_wconf 92' lang='lat' dir='ltr'>quod</span> <span class='ocrx_word' id='word_1_36' title='bbox 1052 1048 1191 1127; x_wconf 88' lang='lat' dir='ltr'>etiamsi</span> <span class='ocrx_word' id='word_1_37' title='bbox 1211 1047 1248 1125; x_wconf 93' lang='lat' dir='ltr'>in</span> <span class='ocrx_word' id='word_1_38' title='bbox 1268 1048 1345 1124; x_wconf 89' lang='lat' dir='ltr'>iure</span> <span class='ocrx_word' id='word_1_39' title='bbox 1365 1045 1529 1124; x_wconf 84' lang='lat' dir='ltr'>orientali</span> 
     </span>
     <span class='ocr_line' id='line_1_7' title="bbox 364 1171 1530 1276; baseline -0.001 -27"><span class='ocrx_word' id='word_1_40' title='bbox 364 1171 584 1276; x_wconf 91' lang='lat' dir='ltr'>prohibitum</span> <span class='ocrx_word' id='word_1_41' title='bbox 622 1172 682 1266; x_wconf 90' lang='lat' dir='ltr'>sit,</span> <span class='ocrx_word' id='word_1_42' title='bbox 715 1186 756 1251; x_wconf 91' lang='lat' dir='ltr'>ut</span> <span class='ocrx_word' id='word_1_43' title='bbox 793 1185 895 1276; x_wconf 92' lang='lat' dir='ltr'>pater</span> <span class='ocrx_word' id='word_1_44' title='bbox 932 1187 969 1252; x_wconf 92' lang='lat' dir='ltr'>et</span> <span class='ocrx_word' id='word_1_45' title='bbox 996 1173 1091 1251; x_wconf 93' lang='lat' dir='ltr'>lilius</span> <span class='ocrx_word' id='word_1_46' title='bbox 1128 1198 1207 1250; x_wconf 92' lang='lat' dir='ltr'>cum</span> <span class='ocrx_word' id='word_1_47' title='bbox 1235 1185 1348 1250; x_wconf 91' lang='lat' dir='ltr'>matre</span> <span class='ocrx_word' id='word_1_48' title='bbox 1382 1172 1530 1275; x_wconf 90' lang='lat' dir='ltr'>eiusque</span> 
     </span>
     <span class='ocr_line' id='line_1_8' title="bbox 365 1294 1527 1391; baseline -0.001 -19"><span class='ocrx_word' id='word_1_49' title='bbox 365 1295 438 1374; x_wconf 90' lang='lat' dir='ltr'>lilia</span> <span class='ocrx_word' id='word_1_50' title='bbox 467 1296 696 1391; x_wconf 82' lang='lat' dir='ltr'>contrahant,</span> <span class='ocrx_word' id='word_1_51' title='bbox 720 1309 783 1376; x_wconf 90' lang='lat' dir='ltr'>aut</span> <span class='ocrx_word' id='word_1_52' title='bbox 811 1295 882 1375; x_wconf 94' lang='lat' dir='ltr'>duo</span> <span class='ocrx_word' id='word_1_53' title='bbox 910 1296 1038 1376; x_wconf 87' lang='lat' dir='ltr'>fratres</span> <span class='ocrx_word' id='word_1_54' title='bbox 1062 1323 1142 1374; x_wconf 91' lang='lat' dir='ltr'>cum</span> <span class='ocrx_word' id='word_1_55' title='bbox 1166 1296 1309 1375; x_wconf 72' lang='lat' dir='ltr'>duahi!</span> <span class='ocrx_word' id='word_1_56' title='bbox 1332 1294 1527 1390; x_wconf 91' lang='lat' dir='ltr'>sororibus,</span> 
     </span>
     <span class='ocr_line' id='line_1_9' title="bbox 365 1419 1532 1523; baseline -0.001 -27"><span class='ocrx_word' id='word_1_57' title='bbox 365 1433 612 1498; x_wconf 80' lang='lat' dir='ltr'>sacrosanctae</span> <span class='ocrx_word' id='word_1_58' title='bbox 641 1433 760 1499; x_wconf 91' lang='lat' dir='ltr'>tamen</span> <span class='ocrx_word' id='word_1_59' title='bbox 781 1425 965 1499; x_wconf 86' lang='lat' dir='ltr'>Romanae</span> <span class='ocrx_word' id='word_1_60' title='bbox 984 1419 1162 1498; x_wconf 89' lang='lat' dir='ltr'>Ecclesiae</span> <span class='ocrx_word' id='word_1_61' title='bbox 1191 1444 1321 1498; x_wconf 91' lang='lat' dir='ltr'>morem</span> <span class='ocrx_word' id='word_1_62' title='bbox 1341 1430 1532 1523; x_wconf 90' lang='lat' dir='ltr'>sequentes</span> 
     </span>
     <span class='ocr_line' id='line_1_10' title="bbox 367 1541 1534 1648; baseline 0 -30"><span class='ocrx_word' id='word_1_63' title='bbox 367 1541 592 1622; x_wconf 83' lang='lat' dir='ltr'>matrimonia</span> <span class='ocrx_word' id='word_1_64' title='bbox 612 1542 816 1621; x_wconf 92' lang='lat' dir='ltr'>huiusmodi</span> <span class='ocrx_word' id='word_1_65' title='bbox 837 1556 1008 1648; x_wconf 90' lang='lat' dir='ltr'>tanquam</span> <span class='ocrx_word' id='word_1_66' title='bbox 1023 1543 1120 1621; x_wconf 92' lang='lat' dir='ltr'>licita</span> <span class='ocrx_word' id='word_1_67' title='bbox 1136 1542 1389 1648; x_wconf 91' lang='lat' dir='ltr'>approbamus.</span> <span class='ocrx_word' id='word_1_68' title='bbox 1409 1541 1534 1619; x_wconf 82' lang='lat' dir='ltr'>affini-</span> 
     </span>
     <span class='ocr_line' id='line_1_11' title="bbox 366 1665 1532 1771; baseline -0.002 -26"><span class='ocrx_word' id='word_1_69' title='bbox 366 1681 423 1745; x_wconf 90' lang='lat' dir='ltr'>tas</span> <span class='ocrx_word' id='word_1_70' title='bbox 451 1668 544 1744; x_wconf 94' lang='lat' dir='ltr'>enim</span> <span class='ocrx_word' id='word_1_71' title='bbox 578 1692 649 1744; x_wconf 94' lang='lat' dir='ltr'>non</span> <span class='ocrx_word' id='word_1_72' title='bbox 686 1681 741 1746; x_wconf 92' lang='lat' dir='ltr'>est</span> <span class='ocrx_word' id='word_1_73' title='bbox 778 1670 872 1747; x_wconf 91' lang='lat' dir='ltr'>iuter</span> <span class='ocrx_word' id='word_1_74' title='bbox 910 1681 1078 1771; x_wconf 82' lang='lat' dir='ltr'>cognatos</span> <span class='ocrx_word' id='word_1_75' title='bbox 1120 1667 1425 1760; x_wconf 88' lang='lat' dir='ltr'>contrahentium,</span> <span class='ocrx_word' id='word_1_76' title='bbox 1470 1665 1532 1744; x_wconf 90' lang='lat' dir='ltr'>sed</span> 
     </span>
     <span class='ocr_line' id='line_1_12' title="bbox 367 1791 1533 1894; baseline -0.003 -26"><span class='ocrx_word' id='word_1_77' title='bbox 367 1791 460 1868; x_wconf 88' lang='lat' dir='ltr'>inter</span> <span class='ocrx_word' id='word_1_78' title='bbox 488 1816 600 1868; x_wconf 89' lang='lat' dir='ltr'>unum</span> <span class='ocrx_word' id='word_1_79' title='bbox 636 1791 907 1870; x_wconf 88' lang='lat' dir='ltr'>contrahentem</span> <span class='ocrx_word' id='word_1_80' title='bbox 937 1805 972 1870; x_wconf 89' lang='lat' dir='ltr'>et</span> <span class='ocrx_word' id='word_1_81' title='bbox 1009 1805 1177 1894; x_wconf 80' lang='lat' dir='ltr'>cognatos</span> <span class='ocrx_word' id='word_1_82' title='bbox 1206 1791 1354 1868; x_wconf 89' lang='lat' dir='ltr'>alterius</span> <span class='ocrx_word' id='word_1_83' title='bbox 1391 1803 1533 1869; x_wconf 89' lang='lat' dir='ltr'>contra-</span> 
     </span>
     <span class='ocr_line' id='line_1_13' title="bbox 368 1913 1533 2020; baseline -0.003 -27"><span class='ocrx_word' id='word_1_84' title='bbox 368 1915 502 1994; x_wconf 81' lang='lat' dir='ltr'>hentis</span> <span class='ocrx_word' id='word_1_85' title='bbox 534 1913 831 2020; x_wconf 89' lang='lat' dir='ltr'>Impedimentum</span> <span class='ocrx_word' id='word_1_86' title='bbox 860 1941 943 1993; x_wconf 83' lang='lat' dir='ltr'>vero</span> <span class='ocrx_word' id='word_1_87' title='bbox 971 1915 1231 2020; x_wconf 90' lang='lat' dir='ltr'>quodpropter</span> <span class='ocrx_word' id='word_1_88' title='bbox 1259 1915 1468 1993; x_wconf 87' lang='lat' dir='ltr'>affinitatem</span> <span class='ocrx_word' id='word_1_89' title='bbox 1488 1939 1533 1991; x_wconf 83' lang='lat' dir='ltr'>ex</span> 
     </span>
     <span class='ocr_line' id='line_1_14' title="bbox 375 2037 1534 2142; baseline 0 -26"><span class='ocrx_word' id='word_1_90' title='bbox 375 2039 613 2142; x_wconf 77' lang='lat' dir='ltr'>fornicatione</span> <span class='ocrx_word' id='word_1_91' title='bbox 640 2053 858 2118; x_wconf 88' lang='lat' dir='ltr'>contractam</span> <span class='ocrx_word' id='word_1_92' title='bbox 887 2039 1083 2132; x_wconf 89' lang='lat' dir='ltr'>inducitur,</span> <span class='ocrx_word' id='word_1_93' title='bbox 1115 2053 1151 2118; x_wconf 89' lang='lat' dir='ltr'>et</span> <span class='ocrx_word' id='word_1_94' title='bbox 1179 2037 1443 2118; x_wconf 88' lang='lat' dir='ltr'>matrimonium</span> <span class='ocrx_word' id='word_1_95' title='bbox 1471 2063 1534 2142; x_wconf 91' lang='lat' dir='ltr'>po-</span> 
     </span>
     <span class='ocr_line' id='line_1_15' title="bbox 368 2163 1533 2270; baseline -0.003 -26"><span class='ocrx_word' id='word_1_96' title='bbox 368 2178 446 2244; x_wconf 86' lang='lat' dir='ltr'>stea</span> <span class='ocrx_word' id='word_1_97' title='bbox 466 2164 597 2243; x_wconf 89' lang='lat' dir='ltr'>lactum</span> <span class='ocrx_word' id='word_1_98' title='bbox 618 2163 767 2259; x_wconf 94' lang='lat' dir='ltr'>dirimit,</span> <span class='ocrx_word' id='word_1_99' title='bbox 791 2164 835 2242; x_wconf 89' lang='lat' dir='ltr'>ad</span> <span class='ocrx_word' id='word_1_100' title='bbox 855 2189 916 2244; x_wconf 93' lang='lat' dir='ltr'>eos</span> <span class='ocrx_word' id='word_1_101' title='bbox 949 2177 1088 2243; x_wconf 88' lang='lat' dir='ltr'>tantum</span> <span class='ocrx_word' id='word_1_102' title='bbox 1108 2165 1170 2270; x_wconf 95' lang='lat' dir='ltr'>qui</span> <span class='ocrx_word' id='word_1_103' title='bbox 1190 2165 1303 2270; x_wconf 91' lang='lat' dir='ltr'>primo</span> <span class='ocrx_word' id='word_1_104' title='bbox 1321 2177 1358 2243; x_wconf 91' lang='lat' dir='ltr'>ct</span> <span class='ocrx_word' id='word_1_105' title='bbox 1377 2163 1533 2242; x_wconf 92' lang='lat' dir='ltr'>secundo</span> 
     </span>
     <span class='ocr_line' id='line_1_16' title="bbox 369 2287 1535 2394; baseline 0 -30"><span class='ocrx_word' id='word_1_106' title='bbox 369 2287 481 2390; x_wconf 84' lang='lat' dir='ltr'>gradu</span> <span class='ocrx_word' id='word_1_107' title='bbox 509 2293 776 2392; x_wconf 83' lang='lat' dir='ltr'>coniunguntur</span> <span class='ocrx_word' id='word_1_108' title='bbox 810 2288 996 2392; x_wconf 78' lang='lat' dir='ltr'>restringit</span> <span class='ocrx_word' id='word_1_109' title='bbox 1033 2303 1157 2368; x_wconf 87' lang='lat' dir='ltr'>sancta</span> <span class='ocrx_word' id='word_1_110' title='bbox 1194 2288 1358 2394; x_wconf 87' lang='lat' dir='ltr'>Synodus</span> <span class='ocrx_word' id='word_1_111' title='bbox 1386 2287 1535 2366; x_wconf 85' lang='lat' dir='ltr'>Triden-</span> 
     </span>
     <span class='ocr_line' id='line_1_17' title="bbox 368 2411 1534 2518; baseline -0.002 -28"><span class='ocrx_word' id='word_1_112' title='bbox 368 2411 444 2490; x_wconf 90' lang='lat' dir='ltr'>tina</span> <span class='ocrx_word' id='word_1_113' title='bbox 466 2411 539 2518; x_wconf 86' lang='lat' dir='ltr'>(l),</span> <span class='ocrx_word' id='word_1_114' title='bbox 563 2415 600 2490; x_wconf 92' lang='lat' dir='ltr'>in</span> <span class='ocrx_word' id='word_1_115' title='bbox 619 2411 851 2492; x_wconf 89' lang='lat' dir='ltr'>ulterioribus</span> <span class='ocrx_word' id='word_1_116' title='bbox 870 2437 953 2492; x_wconf 88' lang='lat' dir='ltr'>vero</span> <span class='ocrx_word' id='word_1_117' title='bbox 975 2413 1144 2514; x_wconf 84' lang='lat' dir='ltr'>gradihus</span> <span class='ocrx_word' id='word_1_118' title='bbox 1163 2414 1305 2507; x_wconf 86' lang='lat' dir='ltr'>statuit,</span> <span class='ocrx_word' id='word_1_119' title='bbox 1329 2411 1534 2489; x_wconf 93' lang='lat' dir='ltr'>huiusmodi</span> 
     </span>
     <span class='ocr_line' id='line_1_18' title="bbox 369 2534 1536 2640; baseline -0.002 -27"><span class='ocrx_word' id='word_1_120' title='bbox 369 2535 579 2614; x_wconf 91' lang='lat' dir='ltr'>affinitatem</span> <span class='ocrx_word' id='word_1_121' title='bbox 619 2536 883 2614; x_wconf 91' lang='lat' dir='ltr'>matrimonium</span> <span class='ocrx_word' id='word_1_122' title='bbox 921 2547 1045 2640; x_wconf 91' lang='lat' dir='ltr'>postea</span> <span class='ocrx_word' id='word_1_123' title='bbox 1082 2549 1303 2615; x_wconf 90' lang='lat' dir='ltr'>contractum</span> <span class='ocrx_word' id='word_1_124' title='bbox 1342 2561 1412 2614; x_wconf 93' lang='lat' dir='ltr'>non</span> <span class='ocrx_word' id='word_1_125' title='bbox 1448 2534 1536 2612; x_wconf 91' lang='lat' dir='ltr'>diri-</span> 
     </span>
     <span class='ocr_line' id='line_1_19' title="bbox 369 2659 612 2765; baseline -0.004 -27"><span class='ocrx_word' id='word_1_126' title='bbox 369 2676 506 2738; x_wconf 76' lang='lat' dir='ltr'>mere»</span> <span class='ocrx_word' id='word_1_127' title='bbox 538 2659 612 2765; x_wconf 75' lang='lat'><strong>(2).</strong></span> 
     </span>
    </p>
   </div>
   <div class='ocr_carea' id='block_1_2' title="bbox 776 2744 1129 2864">
    <p class='ocr_par' dir='ltr' id='par_1_3' title="bbox 776 2744 1129 2864">
     <span class='ocr_line' id='line_1_20' title="bbox 776 2744 1129 2864; baseline -0.003 -2"><span class='ocrx_word' id='word_1_128' title='bbox 776 2744 1032 2864; x_wconf 74' lang='lat' dir='ltr'>aaaroutus</span> <span class='ocrx_word' id='word_1_129' title='bbox 1060 2789 1129 2864; x_wconf 90' lang='lat'><em>111.</em></span> 
     </span>
    </p>
   </div>
   <div class='ocr_carea' id='block_1_3' title="bbox 368 2976 1534 3390">
    <p class='ocr_par' dir='ltr' id='par_1_4' title="bbox 368 2976 1534 3390">
     <span class='ocr_line' id='line_1_21' title="bbox 368 2976 1533 3073; baseline 0.002 -21"><span class='ocrx_word' id='word_1_130' title='bbox 368 2979 576 3072; x_wconf 75' lang='lat' dir='ltr'>depublicet</span> <span class='ocrx_word' id='word_1_131' title='bbox 592 2976 1029 3070; x_wconf 86' lang='lat' dir='ltr'>honestetisimpeiimento,</span> <span class='ocrx_word' id='word_1_132' title='bbox 1047 2996 1121 3052; x_wconf 84' lang='lat' dir='ltr'>—eo</span> <span class='ocrx_word' id='word_1_133' title='bbox 1137 2978 1314 3054; x_wconf 79' lang='lat' dir='ltr'>innocenti</span> <span class='ocrx_word' id='word_1_134' title='bbox 1337 2979 1533 3073; x_wconf 71' lang='lat' dir='ltr'>quaestione</span> 
     </span>
     <span class='ocr_line' id='line_1_22' title="bbox 435 3083 1534 3176; baseline -0.001 -17"><span class='ocrx_word' id='word_1_135' title='bbox 435 3105 477 3159; x_wconf 84' lang='lat' dir='ltr'>en</span> <span class='ocrx_word' id='word_1_136' title='bbox 498 3086 558 3159; x_wconf 87' lang='lat' dir='ltr'>hoo</span> <span class='ocrx_word' id='word_1_137' title='bbox 581 3083 841 3176; x_wconf 84' lang='lat' dir='ltr'>impedimentum</span> <span class='ocrx_word' id='word_1_138' title='bbox 857 3083 982 3156; x_wconf 85' lang='lat' dir='ltr'>orietur</span> <span class='ocrx_word' id='word_1_139' title='bbox 997 3085 1095 3158; x_wconf 88' lang='lat' dir='ltr'>etiem</span> <span class='ocrx_word' id='word_1_140' title='bbox 1111 3104 1152 3158; x_wconf 84' lang='lat' dir='ltr'>ex</span> <span class='ocrx_word' id='word_1_141' title='bbox 1173 3084 1376 3158; x_wconf 84' lang='lat' dir='ltr'>matrimonio</span> <span class='ocrx_word' id='word_1_142' title='bbox 1393 3083 1496 3176; x_wconf 84' lang='lat' dir='ltr'>cirili;</span> <span class='ocrx_word' id='word_1_143' title='bbox 1513 3124 1534 3135; x_wconf 94' lang='lat'><em>-</em></span> 
     </span>
     <span class='ocr_line' id='line_1_23' title="bbox 436 3190 1533 3284; baseline 0 -18"><span class='ocrx_word' id='word_1_144' title='bbox 436 3195 533 3284; x_wconf 84' lang='lat' dir='ltr'>atque</span> <span class='ocrx_word' id='word_1_145' title='bbox 556 3191 595 3266; x_wconf 86' lang='lat' dir='ltr'>ie</span> <span class='ocrx_word' id='word_1_146' title='bbox 625 3190 699 3281; x_wconf 85' lang='lat' dir='ltr'>elic,</span> <span class='ocrx_word' id='word_1_147' title='bbox 724 3211 765 3264; x_wconf 85' lang='lat' dir='ltr'>en</span> <span class='ocrx_word' id='word_1_148' title='bbox 795 3191 920 3265; x_wconf 85' lang='lat' dir='ltr'>orietur</span> <span class='ocrx_word' id='word_1_149' title='bbox 951 3211 993 3265; x_wconf 85' lang='lat' dir='ltr'>ex</span> <span class='ocrx_word' id='word_1_150' title='bbox 1023 3191 1159 3265; x_wconf 85' lang='lat' dir='ltr'>incertis</span> <span class='ocrx_word' id='word_1_151' title='bbox 1185 3191 1240 3266; x_wconf 86' lang='lat' dir='ltr'>rel</span> <span class='ocrx_word' id='word_1_152' title='bbox 1263 3195 1322 3266; x_wconf 88' lang='lat' dir='ltr'>sub</span> <span class='ocrx_word' id='word_1_153' title='bbox 1352 3192 1533 3267; x_wconf 83' lang='lat' dir='ltr'>conditione</span> 
     </span>
     <span class='ocr_line' id='line_1_24' title="bbox 435 3297 1145 3390; baseline -0.013 -18"><span class='ocrx_word' id='word_1_154' title='bbox 435 3300 609 3374; x_wconf 80' lang='lat' dir='ltr'>celebratis</span> <span class='ocrx_word' id='word_1_155' title='bbox 633 3297 838 3390; x_wconf 80' lang='lat' dir='ltr'>sponsalibus</span> <span class='ocrx_word' id='word_1_156' title='bbox 861 3299 896 3372; x_wconf 87' lang='lat' dir='ltr'>et</span> <span class='ocrx_word' id='word_1_157' title='bbox 918 3299 1145 3372; x_wconf 84' lang='lat' dir='ltr'>matrimoniis.</span> 
     </span>
    </p>
   </div>
   <div class='ocr_carea' id='block_1_4' title="bbox 370 3521 1541 4127">
    <p class='ocr_par' dir='ltr' id='par_1_5' title="bbox 370 3521 1541 4127">
     <span class='ocr_line' id='line_1_25' title="bbox 453 3521 1535 3631; baseline 0.001 -29"><span class='ocrx_word' id='word_1_158' title='bbox 453 3535 488 3602; x_wconf 92' lang='lat' dir='ltr'>l.</span> <span class='ocrx_word' id='word_1_159' title='bbox 522 3521 669 3602; x_wconf 83' lang='lat' dir='ltr'>Publice</span> <span class='ocrx_word' id='word_1_160' title='bbox 698 3525 857 3602; x_wconf 84' lang='lat' dir='ltr'>honestus</span> <span class='ocrx_word' id='word_1_161' title='bbox 886 3539 941 3604; x_wconf 93' lang='lat' dir='ltr'>est</span> <span class='ocrx_word' id='word_1_162' title='bbox 978 3526 1227 3631; x_wconf 91' lang='lat' dir='ltr'>propinquitas</span> <span class='ocrx_word' id='word_1_163' title='bbox 1254 3553 1318 3605; x_wconf 93' lang='lat' dir='ltr'>seu</span> <span class='ocrx_word' id='word_1_164' title='bbox 1360 3525 1535 3631; x_wconf 90' lang='lat' dir='ltr'>quaedam</span> 
     </span>
     <span class='ocr_line' id='line_1_26' title="bbox 370 3649 1536 3757; baseline -0.002 -27"><span class='ocrx_word' id='word_1_165' title='bbox 370 3651 474 3757; x_wconf 91' lang='lat' dir='ltr'>quasi</span> <span class='ocrx_word' id='word_1_166' title='bbox 503 3649 674 3744; x_wconf 88' lang='lat' dir='ltr'>affinitas,</span> <span class='ocrx_word' id='word_1_167' title='bbox 715 3675 807 3754; x_wconf 92' lang='lat' dir='ltr'>quae</span> <span class='ocrx_word' id='word_1_168' title='bbox 835 3675 898 3753; x_wconf 90' lang='lat' dir='ltr'>per</span> <span class='ocrx_word' id='word_1_169' title='bbox 932 3649 1219 3728; x_wconf 91' lang='lat' dir='ltr'>coniunctionem</span> <span class='ocrx_word' id='word_1_170' title='bbox 1246 3676 1318 3730; x_wconf 91' lang='lat' dir='ltr'>non</span> <span class='ocrx_word' id='word_1_171' title='bbox 1350 3675 1536 3756; x_wconf 91' lang='lat' dir='ltr'>corporum</span> 
     </span>
     <span class='ocr_line' id='line_1_27' title="bbox 371 3773 1541 3880; baseline -0.002 -26"><span class='ocrx_word' id='word_1_172' title='bbox 371 3776 433 3854; x_wconf 89' lang='lat' dir='ltr'>sed</span> <span class='ocrx_word' id='word_1_173' title='bbox 449 3773 647 3853; x_wconf 90' lang='lat' dir='ltr'>animorum</span> <span class='ocrx_word' id='word_1_174' title='bbox 667 3773 780 3852; x_wconf 90' lang='lat' dir='ltr'>oritur</span> <span class='ocrx_word' id='word_1_175' title='bbox 800 3787 875 3852; x_wconf 94' lang='lat' dir='ltr'>tum</span> <span class='ocrx_word' id='word_1_176' title='bbox 890 3800 934 3852; x_wconf 84' lang='lat' dir='ltr'>ex</span> <span class='ocrx_word' id='word_1_177' title='bbox 953 3774 1172 3880; x_wconf 80' lang='lat' dir='ltr'>sponsalibus</span> <span class='ocrx_word' id='word_1_178' title='bbox 1188 3777 1282 3854; x_wconf 91' lang='lat' dir='ltr'>inter</span> <span class='ocrx_word' id='word_1_179' title='bbox 1301 3801 1411 3854; x_wconf 92' lang='lat' dir='ltr'>unum</span> <span class='ocrx_word' id='word_1_180' title='bbox 1431 3799 1541 3880; x_wconf 90' lang='lat' dir='ltr'>spon-</span> 
     </span>
     <span class='ocr_line' id='line_1_28' title="bbox 370 3897 1538 4000; baseline -0.003 -19"><span class='ocrx_word' id='word_1_181' title='bbox 370 3927 449 3981; x_wconf 91' lang='lat' dir='ltr'>sum</span> <span class='ocrx_word' id='word_1_182' title='bbox 477 3913 514 3979; x_wconf 91' lang='lat' dir='ltr'>et</span> <span class='ocrx_word' id='word_1_183' title='bbox 533 3898 815 4000; x_wconf 83' lang='lat' dir='ltr'>consanguineos</span> <span class='ocrx_word' id='word_1_184' title='bbox 844 3897 1006 3996; x_wconf 78' lang='lat' dir='ltr'>alteriuS,</span> <span class='ocrx_word' id='word_1_185' title='bbox 1030 3914 1105 3980; x_wconf 91' lang='lat' dir='ltr'>tum</span> <span class='ocrx_word' id='word_1_186' title='bbox 1134 3925 1177 3978; x_wconf 82' lang='lat' dir='ltr'>cx</span> <span class='ocrx_word' id='word_1_187' title='bbox 1197 3899 1425 3980; x_wconf 84' lang='lat' dir='ltr'>matrimonio</span> <span class='ocrx_word' id='word_1_188' title='bbox 1458 3911 1538 3978; x_wconf 83' lang='lat' dir='ltr'>roto</span> 
     </span>
     <span class='ocr_line' id='line_1_29' title="bbox 372 4021 1374 4127; baseline -0.001 -25"><span class='ocrx_word' id='word_1_189' title='bbox 372 4025 465 4104; x_wconf 89' lang='lat' dir='ltr'>inter</span> <span class='ocrx_word' id='word_1_190' title='bbox 493 4047 604 4100; x_wconf 94' lang='lat' dir='ltr'>unum</span> <span class='ocrx_word' id='word_1_191' title='bbox 631 4021 817 4125; x_wconf 79' lang='lat' dir='ltr'>coniugem</span> <span class='ocrx_word' id='word_1_192' title='bbox 844 4035 880 4101; x_wconf 91' lang='lat' dir='ltr'>et</span> <span class='ocrx_word' id='word_1_193' title='bbox 909 4023 1057 4103; x_wconf 90' lang='lat' dir='ltr'>alterius</span> <span class='ocrx_word' id='word_1_194' title='bbox 1077 4025 1374 4127; x_wconf 81' lang='lat' dir='ltr'>consanguineos.</span> 
     </span>
    </p>
   </div>
   <div class='ocr_carea' id='block_1_5' title="bbox 442 4252 1118 4328">
    <p class='ocr_par' dir='ltr' id='par_1_6' title="bbox 442 4252 1118 4328">
     <span class='ocr_line' id='line_1_30' title="bbox 442 4252 1118 4328; baseline -0.004 -18"><span class='ocrx_word' id='word_1_195' title='bbox 442 4253 480 4328; x_wconf 80' lang='lat' dir='ltr'>(ll</span> <span class='ocrx_word' id='word_1_196' title='bbox 499 4255 570 4310; x_wconf 83' lang='lat' dir='ltr'>sess.</span> <span class='ocrx_word' id='word_1_197' title='bbox 590 4257 635 4309; x_wconf 73' lang='lat'>24.</span> <span class='ocrx_word' id='word_1_198' title='bbox 655 4252 689 4308; x_wconf 83' lang='lat' dir='ltr'>de</span> <span class='ocrx_word' id='word_1_199' title='bbox 706 4253 828 4325; x_wconf 69' lang='lat' dir='ltr'>reform.</span> <span class='ocrx_word' id='word_1_200' title='bbox 850 4254 986 4311; x_wconf 80' lang='lat' dir='ltr'>matrim.</span> <span class='ocrx_word' id='word_1_201' title='bbox 1007 4267 1071 4325; x_wconf 83' lang='lat' dir='ltr'>cop.</span> <span class='ocrx_word' id='word_1_202' title='bbox 1093 4260 1118 4308; x_wconf 77' lang='lat' dir='ltr'>t.</span> 
     </span>
    </p>
   </div>
   <div class='ocr_carea' id='block_1_6' title="bbox 371 4342 1536 4503">
    <p class='ocr_par' dir='ltr' id='par_1_7' title="bbox 371 4342 1536 4503">
     <span class='ocr_line' id='line_1_31' title="bbox 442 4342 1536 4416; baseline -0.002 -17"><span class='ocrx_word' id='word_1_203' title='bbox 442 4343 479 4414; x_wconf 67' lang='lat' dir='ltr'>lt)</span> <span class='ocrx_word' id='word_1_204' title='bbox 499 4342 632 4414; x_wconf 81' lang='lat' dir='ltr'>synodus</span> <span class='ocrx_word' id='word_1_205' title='bbox 651 4343 781 4412; x_wconf 87' lang='lat' dir='ltr'>provinc.</span> <span class='ocrx_word' id='word_1_206' title='bbox 809 4343 962 4412; x_wconf 63' lang='lat' dir='ltr'>libaminis,</span> <span class='ocrx_word' id='word_1_207' title='bbox 984 4359 1031 4400; x_wconf 89' lang='lat' dir='ltr'>an.</span> <span class='ocrx_word' id='word_1_208' title='bbox 1053 4349 1142 4413; x_wconf 64' lang='lat'>1756,</span> <span class='ocrx_word' id='word_1_209' title='bbox 1169 4350 1251 4416; x_wconf 87' lang='lat' dir='ltr'>port.</span> <span class='ocrx_word' id='word_1_210' title='bbox 1266 4351 1291 4400; x_wconf 81' lang='lat'>2.</span> <span class='ocrx_word' id='word_1_211' title='bbox 1313 4358 1374 4416; x_wconf 84' lang='lat' dir='ltr'>cop.</span> <span class='ocrx_word' id='word_1_212' title='bbox 1397 4349 1439 4400; x_wconf 79' lang='lat' dir='ltr'>lt.</span> <span class='ocrx_word' id='word_1_213' title='bbox 1459 4343 1489 4414; x_wconf 75' lang='lat' dir='ltr'>S.</span> <span class='ocrx_word' id='word_1_214' title='bbox 1510 4349 1536 4398; x_wconf 82' lang='lat' dir='ltr'>ti.</span> 
     </span>
     <span class='ocr_line' id='line_1_32' title="bbox 371 4429 763 4503; baseline -0.005 -15"><span class='ocrx_word' id='word_1_215' title='bbox 371 4447 401 4488; x_wconf 85' lang='lat' dir='ltr'>n.</span> <span class='ocrx_word' id='word_1_216' title='bbox 423 4434 456 4488; x_wconf 84' lang='lat' dir='ltr'>V.</span> <span class='ocrx_word' id='word_1_217' title='bbox 474 4446 544 4503; x_wconf 75' lang='lat' dir='ltr'>paq.</span> <span class='ocrx_word' id='word_1_218' title='bbox 564 4434 608 4487; x_wconf 73' lang='lat' dir='ltr'>tt.</span> <span class='ocrx_word' id='word_1_219' title='bbox 629 4430 675 4486; x_wconf 88' lang='lat' dir='ltr'>cit.</span> <span class='ocrx_word' id='word_1_220' title='bbox 696 4429 763 4487; x_wconf 87' lang='lat' dir='ltr'>edit.</span> 
     </span>
    </p>
   </div>
   <div class='ocr_carea' id='block_1_7' title="bbox 0 0 1745 5300">
    <p class='ocr_par' dir='ltr' id='par_1_8' title="bbox 0 0 1745 5300">
     <span class='ocr_line' id='line_1_33' title="bbox 0 0 1745 5300; baseline 0 0"><span class='ocrx_word' id='word_1_221' title='bbox 0 0 1745 5300; x_wconf 95' lang='lat' dir='ltr'> </span> 
     </span>
    </p>
   </div>
  </div>
 </body>
</html>
