3402 5292
670 359 706 370 -
727 325 785 388 aar
807 357 842 370 -

181 473 274 552 quae
302 449 560 529 consuetudine
581 464 617 530 et
640 451 881 530 familiaritate
910 467 1096 556 acceperat
1115 477 1135 529 a
1156 455 1348 556 Margarita

182 571 306 652 fratria
349 575 491 659 Antonii
534 600 552 653 e
595 577 739 655 civitate
778 581 837 671 v,
877 601 970 680 quae
1012 575 1228 680 sponsalium
1267 603 1346 655 cum

184 711 289 802 nepte
317 697 486 776 initurum
514 698 783 778 dissolutionem
821 701 948 778 ciuicae
982 723 1111 778 causae
1147 699 1345 795 tribuebat,

184 834 351 925 expertae
379 821 515 900 seilicet
549 821 778 926 impotentiae
820 821 993 927 praedicti
1035 823 1107 900 Caii
1152 826 1248 926 (Act.
1279 823 1345 928 sol.

187 944 293 1048 108).
313 947 467 1024 -Testis
495 959 550 1026 est
578 946 724 1024 Carolus
751 946 814 1051 qui
852 945 925 1024 Caii
954 945 1154 1026 absolutam
1179 960 1215 1026 et
1248 962 1351 1025 ante-

184 1071 368 1150 cedentem
410 1072 654 1176 impotentiam
683 1071 783 1150 oovit
824 1095 867 1148 er,
905 1069 1125 1150 consessione
1162 1069 1347 1149 cuiusdam

184 1195 240 1272 sui
278 1195 395 1290 amici,
436 1197 538 1274 ouius
575 1219 703 1274 nomen
740 1195 833 1274 clare
867 1219 938 1272 non
970 1195 1144 1289 meminit,
1178 1194 1349 1274 abaliud

185 1333 268 1396 ante
311 1321 572 1398 matrimonium
615 1318 772 1398 eiusdem
811 1320 883 1396 Caii
921 1319 958 1396 in
999 1317 1235 1422 turpitudinis
1272 1319 1347 1398 loco

186 1443 394 1523 frustratum
432 1459 646 1539 tentamen,
690 1468 795 1548 quem
837 1441 951 1520 locum
992 1442 1097 1520 simul
1134 1443 1346 1567 petierapt3

184 1580 220 1644 et
247 1567 457 1672 impotentia
485 1568 580 1646 illius
610 1565 654 1644 ad
688 1566 849 1672 copulam
886 1566 981 1643 clare
1018 1591 1059 1642 ae
1095 1566 1250 1670 turpiter
1282 1591 1347 1670 ap-

138 1710 143 1720 ·
183 1693 303 1792 paruit
331 1691 388 1770 vel
415 1715 460 1770 ex
487 1715 529 1770 eo
564 1689 689 1796 quod:
730 1689 767 1768 lo
795 1701 904 1767 stesso
933 1690 1052 1768 donno
1079 1689 1117 1768 dc'
1150 1689 1290 1796 portato
1317 1689 1351 1768 si

183 1839 245 1892 ero
282 1827 382 1892 tonte
419 1813 642 1920 indispertito
679 1825 800 1892 contro
827 1811 855 1890 il
885 1812 1013 1924 Signor
1053 1813 1138 1892 Coie
1162 1839 1228 1918 per
1246 1839 1352 1892 ocer-

185 1936 221 2015 lo
259 1949 382 2016 teneto
416 1939 481 2043 pit
525 1939 563 2016 di
601 1951 654 2016 tre
690 1961 748 2015 ore
785 1937 823 2014 in
864 1936 1060 2024 tentatie,
1098 1963 1116 2016 e
1152 1937 1211 2015 elce
1248 1934 1350 2014 nullo

184 2085 289 2140 erooe
315 2062 466 2166 sepulto,
495 2087 530 2140 se
549 2087 618 2139 oon
646 2061 706 2141 ebe
733 2059 762 2137 il
780 2085 963 2165 compenso
990 2061 1028 2138 di
1055 2061 1180 2166 citaque
1206 2060 1351 2164 franchi

185 2185 322 2288 (Actor.
353 2185 418 2291 sol.
455 2187 560 2292 art).
589 2185 752 2264 -Testis
780 2199 835 2264 est
863 2190 958 2263 Rosa
987 2189 1059 2278 F.,
1090 2211 1183 2291 quae
1211 2189 1350 2266 ratione

184 2309 401 2402 scaceras,
432 2308 671 2388 familiaritate
701 2309 814 2386 Iuliae
843 2309 1047 2414 [requenter
1075 2310 1247 2388 utebatur
1266 2311 1349 2388 dum

184 2435 221 2512 in
249 2435 404 2512 maritali
441 2433 543 2512 domo
585 2432 751 2538 degebat,
792 2446 827 2510 et
862 2459 882 2509 a
916 2457 987 2537 qua
1024 2433 1172 2538 proinde
1213 2433 1352 2540 pluries

184 2572 383 2662 acceperat,
414 2583 519 2636 suum
548 2557 664 2636 uirum
684 2581 761 2635 esse
793 2555 1180 2663 omninoimpotentem
1201 2559 1246 2637 ad
1276 2585 1352 2637 ma-

188 2680 343 2759 trimonii
372 2681 709 2758 consummationem
738 2680 875 2785 (Actor.
906 2679 1214 2786 sol.115terp.).
1238 2727 1262 2744 -
1286 2687 1352 2762 Te—

184 2806 249 2884 stis
269 2805 321 2884 de
349 2804 473 2884 eadem
502 2805 712 2909 impotentia
740 2817 795 2882 est
815 2803 989 2883 Martinus
1016 2804 1206 2908 chirurgus
1225 2821 1263 2886 et
1277 2832 1351 2886 me-

185 2929 286 3009 dicus
313 2928 445 3008 nedum
483 2955 527 3006 en
547 2927 688 3006 'oculari
721 2927 877 3032 partium
914 2927 1113 3006 sexualium
1142 2929 1347 3034 praedictae

185 3054 298 3133 Iuliae
327 3054 546 3158 inspectione
575 3053 682 3130 semel
725 3059 836 3155 atque
871 3051 1000 3130 iterum
1036 3067 1118 3156 post
1149 3055 1348 3159 separatio·

186 3201 265 3256 nem
294 3191 438 3281 peracta
466 3188 502 3254 et
539 3201 724 3254 eumcum
762 3173 926 3252 omnibus
963 3173 1132 3280 physicae
1160 3175 1350 3279 virginita-

186 3307 232 3384 tis
260 3303 530 3384 characteribus
555 3303 755 3393 inveniens,
786 3313 827 3378 ut
855 3314 891 3378 et
911 3300 947 3377 in
967 3299 1229 3379 extraiudiciali
1258 3315 1352 3380 atte-

186 3430 340 3508 statione
375 3430 474 3506 etin
505 3424 662 3504 iudiciali
691 3425 885 3502 constituto
913 3423 1073 3527 deponit,
1096 3423 1159 3502 sed
1180 3427 1286 3536 etiam
1307 3449 1351 3503 ex

186 3579 226 3632 eo
253 3551 350 3658 quod
379 3577 459 3630 cum
497 3548 541 3628 de
569 3549 705 3628 ratione
734 3573 820 3626 suae
853 3571 923 3625 non
954 3547 1105 3626 violatae
1133 3548 1352 3651 virginitatis

186 3676 355 3781 puellam,
379 3674 511 3753 iamdiu
534 3685 681 3778 nuptam
702 3673 799 3765 Caio,
831 3682 1060 3775 percontatus
1075 3685 1183 3765 esset,
1205 3695 1355 3776 respon-

185 3825 263 3878 sum
278 3799 428 3903 accepit,
452 3797 487 3875 id
508 3797 575 3874 viri
604 3797 659 3874 sui
679 3797 911 3899 impotentiae
939 3792 982 3870 ad
1013 3796 1351 3872 consummationem

187 3923 401 4002 matrimonii
432 3922 609 4000 incassum
648 3931 822 3997 tentatam
852 3916 1080 4010 tribuendum
1110 3918 1246 4021 (Actor.
1269 3917 1350 4023 soll.

91 4035 95 4044 ’
188 4053 357 4124 roa-163
389 4057 425 4124 et
442 4042 508 4148 sol.
532 4053 582 4124 90
612 4041 738 4146 terp).
760 4085 784 4100 -
804 4039 920 4118 Testis
938 4053 993 4117 est
1014 4045 1165 4120 loannes
1194 4040 1352 4120 medicus

185 4169 228 4248 de
257 4168 330 4248 Caii
359 4165 584 4246 antecedenti
617 4165 826 4270 impotentia
861 4187 903 4240 ex
942 4161 1050 4240 buius
1083 4163 1238 4266 ingenua
1267 4187 1351 4243 con-

186 4291 338 4370 lessione
367 4291 430 4396 (en
449 4289 520 4368 duo
541 4287 680 4384 medici,
703 4286 836 4392 quibus
855 4285 961 4362 Caius
979 4299 1020 4364 ut
1039 4285 1133 4382 aliis,
1156 4311 1265 4368 suam
1284 4289 1351 4369 im-
