<?xml version="1.0" encoding="UTF-8"?>
<!DOCTYPE html PUBLIC "-//W3C//DTD XHTML 1.0 Transitional//EN"
    "http://www.w3.org/TR/xhtml1/DTD/xhtml1-transitional.dtd">
<html xmlns="http://www.w3.org/1999/xhtml" xml:lang="en" lang="en">
 <head>
  <title>
</title>
<meta http-equiv="Content-Type" content="text/html;charset=utf-8" />
  <meta name='ocr-system' content='tesseract 3.04.00' />
  <meta name='ocr-capabilities' content='ocr_page ocr_carea ocr_par ocr_line ocrx_word'/>
</head>
<body>
  <div class='ocr_page' id='page_1' title='image "./deimpedimentism00mansgoog_0191.png"; bbox 0 0 3424 5300; ppageno 0'>
   <div class='ocr_carea' id='block_1_1' title="bbox 876 451 1048 512">
    <p class='ocr_par' dir='ltr' id='par_1_1' title="bbox 876 451 1048 512">
     <span class='ocr_line' id='line_1_1' title="bbox 876 451 1048 512; baseline 0 0"><span class='ocrx_word' id='word_1_1' title='bbox 876 451 1048 512; x_wconf 70' lang='lat'><strong>-172-</strong></span> 
     </span>
    </p>
   </div>
   <div class='ocr_carea' id='block_1_2' title="bbox 289 567 1576 3661">
    <p class='ocr_par' dir='ltr' id='par_1_2' title="bbox 289 567 1576 3661">
     <span class='ocr_line' id='line_1_2' title="bbox 377 567 1542 684; baseline -0.01 -24"><span class='ocrx_word' id='word_1_2' title='bbox 377 583 486 662; x_wconf 88' lang='lat' dir='ltr'><strong>ctiam</strong></span> <span class='ocrx_word' id='word_1_3' title='bbox 505 579 630 662; x_wconf 91' lang='lat' dir='ltr'><strong>docere</strong></span> <span class='ocrx_word' id='word_1_4' title='bbox 649 578 858 684; x_wconf 84' lang='lat' dir='ltr'><strong>quiverunt,</strong></span> <span class='ocrx_word' id='word_1_5' title='bbox 890 574 985 655; x_wconf 90' lang='lat' dir='ltr'><strong>idom</strong></span> <span class='ocrx_word' id='word_1_6' title='bbox 1011 573 1209 658; x_wconf 79' lang='lat' dir='ltr'><strong>Tridentini</strong></span> <span class='ocrx_word' id='word_1_7' title='bbox 1236 570 1418 650; x_wconf 88' lang='lat' dir='ltr'><strong>decretum</strong></span> <span class='ocrx_word' id='word_1_8' title='bbox 1447 567 1542 649; x_wconf 88' lang='lat' dir='ltr'><strong>haud</strong></span> 
     </span>
     <span class='ocr_line' id='line_1_3' title="bbox 378 691 1540 809; baseline -0.008 -27"><span class='ocrx_word' id='word_1_9' title='bbox 378 704 459 784; x_wconf 91' lang='lat' dir='ltr'><strong>illos</strong></span> <span class='ocrx_word' id='word_1_10' title='bbox 472 701 770 809; x_wconf 76' lang='lat' dir='ltr'>comprehendere</span> <span class='ocrx_word' id='word_1_11' title='bbox 786 699 1007 792; x_wconf 85' lang='lat' dir='ltr'><strong>Ordinarios,</strong></span> <span class='ocrx_word' id='word_1_12' title='bbox 1024 696 1230 802; x_wconf 90' lang='lat' dir='ltr'><strong>quinullius</strong></span> <span class='ocrx_word' id='word_1_13' title='bbox 1249 691 1422 780; x_wconf 89' lang='lat' dir='ltr'><strong>dioecesis</strong></span> <span class='ocrx_word' id='word_1_14' title='bbox 1435 703 1540 786; x_wconf 87' lang='lat' dir='ltr'><strong>sunt;</strong></span> 
     </span>
     <span class='ocr_line' id='line_1_4' title="bbox 378 817 1544 930; baseline -0.008 -25"><span class='ocrx_word' id='word_1_15' title='bbox 378 853 444 906; x_wconf 92' lang='lat' dir='ltr'><strong>nec</strong></span> <span class='ocrx_word' id='word_1_16' title='bbox 454 832 633 906; x_wconf 87' lang='lat' dir='ltr'><strong>Decanum</strong></span> <span class='ocrx_word' id='word_1_17' title='bbox 645 839 681 905; x_wconf 92' lang='lat' dir='ltr'><strong>et</strong></span> <span class='ocrx_word' id='word_1_18' title='bbox 696 825 899 930; x_wconf 81' lang='lat' dir='ltr'><strong>Capitulum</strong></span> <span class='ocrx_word' id='word_1_19' title='bbox 909 823 955 902; x_wconf 89' lang='lat' dir='ltr'><strong>ab</strong></span> <span class='ocrx_word' id='word_1_20' title='bbox 969 819 1150 902; x_wconf 87' lang='lat' dir='ltr'><strong>Ordinarii</strong></span> <span class='ocrx_word' id='word_1_21' title='bbox 1166 817 1410 906; x_wconf 88' lang='lat' dir='ltr'><strong>iurisdictione</strong></span> <span class='ocrx_word' id='word_1_22' title='bbox 1425 840 1544 897; x_wconf 79' lang='lat' dir='ltr'><strong>erem·</strong></span> 
     </span>
     <span class='ocr_line' id='line_1_5' title="bbox 380 942 1544 1059; baseline -0.012 -28"><span class='ocrx_word' id='word_1_23' title='bbox 380 965 479 1056; x_wconf 91' lang='lat' dir='ltr'><strong>ptos;</strong></span> <span class='ocrx_word' id='word_1_24' title='bbox 511 976 577 1030; x_wconf 93' lang='lat' dir='ltr'><strong>uec</strong></span> <span class='ocrx_word' id='word_1_25' title='bbox 604 975 678 1046; x_wconf 91' lang='lat' dir='ltr'><strong>eos,</strong></span> <span class='ocrx_word' id='word_1_26' title='bbox 700 948 832 1055; x_wconf 87' lang='lat' dir='ltr'><strong>quibus</strong></span> <span class='ocrx_word' id='word_1_27' title='bbox 851 973 896 1028; x_wconf 86' lang='lat' dir='ltr'><strong>ex</strong></span> <span class='ocrx_word' id='word_1_28' title='bbox 924 945 1108 1052; x_wconf 83' lang='lat' dir='ltr'><strong>privilegio</strong></span> <span class='ocrx_word' id='word_1_29' title='bbox 1136 942 1329 1050; x_wconf 92' lang='lat' dir='ltr'><strong>apostolico</strong></span> <span class='ocrx_word' id='word_1_30' title='bbox 1357 964 1544 1059; x_wconf 82' lang='lat' dir='ltr'><strong>causarum</strong></span> 
     </span>
     <span class='ocr_line' id='line_1_6' title="bbox 379 1065 1543 1176; baseline -0.01 -24"><span class='ocrx_word' id='word_1_31' title='bbox 379 1087 417 1153; x_wconf 90' lang='lat' dir='ltr'><strong>et</strong></span> <span class='ocrx_word' id='word_1_32' title='bbox 453 1076 774 1154; x_wconf 89' lang='lat' dir='ltr'><strong>controversiarum</strong></span> <span class='ocrx_word' id='word_1_33' title='bbox 802 1072 956 1176; x_wconf 76' lang='lat' dir='ltr'><strong>cognitio</strong></span> <span class='ocrx_word' id='word_1_34' title='bbox 993 1082 1171 1174; x_wconf 89' lang='lat' dir='ltr'><strong>competat</strong></span> <span class='ocrx_word' id='word_1_35' title='bbox 1198 1069 1235 1146; x_wconf 95' lang='lat' dir='ltr'><strong>in</strong></span> <span class='ocrx_word' id='word_1_36' title='bbox 1263 1065 1416 1171; x_wconf 85' lang='lat' dir='ltr'><strong>aliquos,</strong></span> <span class='ocrx_word' id='word_1_37' title='bbox 1456 1087 1543 1168; x_wconf 90' lang='lat' dir='ltr'><strong>per·</strong></span> 
     </span>
     <span class='ocr_line' id='line_1_7' title="bbox 381 1184 1543 1306; baseline -0.011 -31"><span class='ocrx_word' id='word_1_38' title='bbox 381 1223 558 1306; x_wconf 88' lang='lat' dir='ltr'><strong>sonasque</strong></span> <span class='ocrx_word' id='word_1_39' title='bbox 596 1197 777 1278; x_wconf 89' lang='lat' dir='ltr'><strong>subiectas</strong></span> <span class='ocrx_word' id='word_1_40' title='bbox 814 1196 952 1276; x_wconf 88' lang='lat' dir='ltr'><strong>ratione</strong></span> <span class='ocrx_word' id='word_1_41' title='bbox 993 1204 1217 1287; x_wconf 79' lang='lat' dir='ltr'><strong>contractus3</strong></span> <span class='ocrx_word' id='word_1_42' title='bbox 1262 1187 1331 1268; x_wconf 92' lang='lat' dir='ltr'><strong>nisi</strong></span> <span class='ocrx_word' id='word_1_43' title='bbox 1360 1201 1479 1267; x_wconf 89' lang='lat' dir='ltr'><strong>tamen</strong></span> <span class='ocrx_word' id='word_1_44' title='bbox 1507 1184 1543 1263; x_wconf 92' lang='lat' dir='ltr'><strong>hi</strong></span> 
     </span>
     <span class='ocr_line' id='line_1_8' title="bbox 381 1311 1541 1422; baseline -0.014 -22"><span class='ocrx_word' id='word_1_45' title='bbox 381 1346 504 1402; x_wconf 90' lang='lat' dir='ltr'><strong>omnes</strong></span> <span class='ocrx_word' id='word_1_46' title='bbox 531 1334 650 1400; x_wconf 90' lang='lat' dir='ltr'><strong>essent</strong></span> <span class='ocrx_word' id='word_1_47' title='bbox 682 1333 822 1401; x_wconf 87' lang='lat' dir='ltr'><strong>tautum</strong></span> <span class='ocrx_word' id='word_1_48' title='bbox 850 1317 1004 1422; x_wconf 89' lang='lat' dir='ltr'><strong>exempti</strong></span> <span class='ocrx_word' id='word_1_49' title='bbox 1038 1314 1112 1421; x_wconf 88' lang='lat' dir='ltr'><strong>(t).</strong></span> <span class='ocrx_word' id='word_1_50' title='bbox 1145 1360 1167 1374; x_wconf 96' lang='lat'>-</span> <span class='ocrx_word' id='word_1_51' title='bbox 1200 1319 1245 1392; x_wconf 82' lang='lat' dir='ltr'><strong>tt</strong></span> <span class='ocrx_word' id='word_1_52' title='bbox 1276 1325 1358 1418; x_wconf 88' lang='lat' dir='ltr'><strong>post</strong></span> <span class='ocrx_word' id='word_1_53' title='bbox 1389 1311 1541 1388; x_wconf 88' lang='lat' dir='ltr'><strong>latama</strong></span> 
     </span>
     <span class='ocr_line' id='line_1_9' title="bbox 381 1438 1545 1526; baseline -0.008 -4"><span class='ocrx_word' id='word_1_54' title='bbox 381 1445 574 1526; x_wconf 91' lang='lat' dir='ltr'><strong>Benedicto</strong></span> <span class='ocrx_word' id='word_1_55' title='bbox 599 1449 679 1524; x_wconf 84' lang='lat' dir='ltr'><strong>XIV</strong></span> <span class='ocrx_word' id='word_1_56' title='bbox 707 1443 1002 1524; x_wconf 69' lang='lat' dir='ltr'><strong>constitutionem</strong></span> <span class='ocrx_word' id='word_1_57' title='bbox 1035 1440 1101 1520; x_wconf 86' lang='lat' dir='ltr'><strong>Dei</strong></span> <span class='ocrx_word' id='word_1_58' title='bbox 1136 1438 1362 1520; x_wconf 82' lang='lat' dir='ltr'><strong>miseratione</strong></span> <span class='ocrx_word' id='word_1_59' title='bbox 1394 1451 1432 1520; x_wconf 93' lang='lat' dir='ltr'><strong>et</strong></span> <span class='ocrx_word' id='word_1_60' title='bbox 1463 1459 1545 1516; x_wconf 91' lang='lat' dir='ltr'><strong>con-</strong></span> 
     </span>
     <span class='ocr_line' id='line_1_10' title="bbox 382 1565 1545 1674; baseline -0.003 -27"><span class='ocrx_word' id='word_1_61' title='bbox 382 1583 574 1674; x_wconf 88' lang='lat' dir='ltr'><strong>sequentes</strong></span> <span class='ocrx_word' id='word_1_62' title='bbox 593 1570 630 1648; x_wconf 85' lang='lat' dir='ltr'><strong>S.</strong></span> <span class='ocrx_word' id='word_1_63' title='bbox 662 1574 700 1650; x_wconf 89' lang='lat' dir='ltr'><strong>C.</strong></span> <span class='ocrx_word' id='word_1_64' title='bbox 724 1567 869 1650; x_wconf 81' lang='lat' dir='ltr'><strong>Consilii</strong></span> <span class='ocrx_word' id='word_1_65' title='bbox 888 1565 1137 1666; x_wconf 85' lang='lat' dir='ltr'><strong>resolutiones,</strong></span> <span class='ocrx_word' id='word_1_66' title='bbox 1167 1565 1255 1646; x_wconf 90' lang='lat' dir='ltr'><strong>haec</strong></span> <span class='ocrx_word' id='word_1_67' title='bbox 1281 1589 1374 1669; x_wconf 90' lang='lat' dir='ltr'><strong>qnae</strong></span> <span class='ocrx_word' id='word_1_68' title='bbox 1402 1585 1545 1668; x_wconf 84' lang='lat' dir='ltr'><strong>aprae-</strong></span> 
     </span>
     <span class='ocr_line' id='line_1_11' title="bbox 380 1687 1546 1797; baseline -0.005 -23"><span class='ocrx_word' id='word_1_69' title='bbox 380 1694 486 1774; x_wconf 93' lang='lat' dir='ltr'><strong>dictis</strong></span> <span class='ocrx_word' id='word_1_70' title='bbox 514 1720 693 1774; x_wconf 86' lang='lat' dir='ltr'><strong>sacrorum</strong></span> <span class='ocrx_word' id='word_1_71' title='bbox 721 1717 896 1774; x_wconf 87' lang='lat' dir='ltr'><strong>canonum</strong></span> <span class='ocrx_word' id='word_1_72' title='bbox 925 1693 1048 1797; x_wconf 92' lang='lat' dir='ltr'><strong>peritis</strong></span> <span class='ocrx_word' id='word_1_73' title='bbox 1077 1689 1368 1794; x_wconf 88' lang='lat' dir='ltr'><strong>tradunturque</strong></span> <span class='ocrx_word' id='word_1_74' title='bbox 1396 1687 1440 1768; x_wconf 91' lang='lat' dir='ltr'><strong>ad</strong></span> <span class='ocrx_word' id='word_1_75' title='bbox 1467 1713 1546 1770; x_wconf 84' lang='lat' dir='ltr'><strong>rne-</strong></span> 
     </span>
     <span class='ocr_line' id='line_1_12' title="bbox 384 1812 1545 1912; baseline -0.007 -12"><span class='ocrx_word' id='word_1_76' title='bbox 384 1815 638 1900; x_wconf 89' lang='lat' dir='ltr'><strong>trimonialium</strong></span> <span class='ocrx_word' id='word_1_77' title='bbox 662 1819 799 1900; x_wconf 92' lang='lat' dir='ltr'><strong>iudices</strong></span> <span class='ocrx_word' id='word_1_78' title='bbox 818 1843 1020 1912; x_wconf 84' lang='lat' dir='ltr'><strong>causarum,</strong></span> <span class='ocrx_word' id='word_1_79' title='bbox 1051 1814 1222 1896; x_wconf 90' lang='lat' dir='ltr'><strong>sustineri</strong></span> <span class='ocrx_word' id='word_1_80' title='bbox 1251 1815 1306 1894; x_wconf 88' lang='lat' dir='ltr'><strong>vel</strong></span> <span class='ocrx_word' id='word_1_81' title='bbox 1334 1812 1480 1895; x_wconf 90' lang='lat' dir='ltr'><strong>retineri</strong></span> <span class='ocrx_word' id='word_1_82' title='bbox 1509 1812 1545 1892; x_wconf 94' lang='lat' dir='ltr'><strong>iu</strong></span> 
     </span>
     <span class='ocr_line' id='line_1_13' title="bbox 383 1939 1545 2050; baseline -0.006 -28"><span class='ocrx_word' id='word_1_83' title='bbox 383 1946 564 2050; x_wconf 85' lang='lat' dir='ltr'><strong>praesenti</strong></span> <span class='ocrx_word' id='word_1_84' title='bbox 584 1944 681 2024; x_wconf 92' lang='lat' dir='ltr'><strong>haud</strong></span> <span class='ocrx_word' id='word_1_85' title='bbox 701 1968 804 2049; x_wconf 88' lang='lat' dir='ltr'><strong>posse</strong></span> <span class='ocrx_word' id='word_1_86' title='bbox 824 1967 917 2022; x_wconf 90' lang='lat' dir='ltr'><strong>reor.</strong></span> <span class='ocrx_word' id='word_1_87' title='bbox 940 1939 1113 2048; x_wconf 85' lang='lat' dir='ltr'><strong>Equidem</strong></span> <span class='ocrx_word' id='word_1_88' title='bbox 1133 1941 1169 2020; x_wconf 93' lang='lat' dir='ltr'><strong>in</strong></span> <span class='ocrx_word' id='word_1_89' title='bbox 1197 1941 1307 2020; x_wconf 87' lang='lat' dir='ltr'><strong>citata</strong></span> <span class='ocrx_word' id='word_1_90' title='bbox 1336 1943 1373 2018; x_wconf 92' lang='lat' dir='ltr'><strong>S.</strong></span> <span class='ocrx_word' id='word_1_91' title='bbox 1396 1942 1433 2016; x_wconf 84' lang='lat' dir='ltr'><strong>C.</strong></span> <span class='ocrx_word' id='word_1_92' title='bbox 1457 1941 1545 2016; x_wconf 85' lang='lat' dir='ltr'><strong>Cou-</strong></span> 
     </span>
     <span class='ocr_line' id='line_1_14' title="bbox 383 2061 1547 2167; baseline -0.001 -23"><span class='ocrx_word' id='word_1_93' title='bbox 383 2067 454 2146; x_wconf 93' lang='lat' dir='ltr'><strong>cilii</strong></span> <span class='ocrx_word' id='word_1_94' title='bbox 484 2065 721 2146; x_wconf 79' lang='lat' dir='ltr'><strong>instructione</strong></span> <span class='ocrx_word' id='word_1_95' title='bbox 748 2065 806 2145; x_wconf 90' lang='lat' dir='ltr'><strong>die</strong></span> <span class='ocrx_word' id='word_1_96' title='bbox 835 2074 884 2144; x_wconf 75' lang='lat'><strong>22</strong></span> <span class='ocrx_word' id='word_1_97' title='bbox 913 2065 1058 2167; x_wconf 83' lang='lat' dir='ltr'><strong>augusti</strong></span> <span class='ocrx_word' id='word_1_98' title='bbox 1089 2071 1190 2144; x_wconf 80' lang='lat' dir='ltr'><strong>leto</strong></span> <span class='ocrx_word' id='word_1_99' title='bbox 1218 2064 1317 2160; x_wconf 87' lang='lat' dir='ltr'><strong>data,</strong></span> <span class='ocrx_word' id='word_1_100' title='bbox 1349 2061 1547 2144; x_wconf 82' lang='lat' dir='ltr'><strong>luculenter</strong></span> 
     </span>
     <span class='ocr_line' id='line_1_15' title="bbox 385 2185 1546 2272; baseline -0.007 -1"><span class='ocrx_word' id='word_1_101' title='bbox 385 2192 540 2272; x_wconf 90' lang='lat' dir='ltr'><strong>dicitur:</strong></span> <span class='ocrx_word' id='word_1_102' title='bbox 574 2224 592 2266; x_wconf 88' lang='lat'><strong>‹</strong></span> <span class='ocrx_word' id='word_1_103' title='bbox 629 2198 817 2272; x_wconf 89' lang='lat' dir='ltr'><strong>Praeterea</strong></span> <span class='ocrx_word' id='word_1_104' title='bbox 851 2215 930 2270; x_wconf 90' lang='lat' dir='ltr'><strong>oum</strong></span> <span class='ocrx_word' id='word_1_105' title='bbox 964 2215 985 2268; x_wconf 93' lang='lat' dir='ltr'><strong>a</strong></span> <span class='ocrx_word' id='word_1_106' title='bbox 1022 2213 1122 2268; x_wconf 85' lang='lat' dir='ltr'><strong>sacro</strong></span> <span class='ocrx_word' id='word_1_107' title='bbox 1154 2188 1309 2270; x_wconf 83' lang='lat' dir='ltr'><strong>Concilio</strong></span> <span class='ocrx_word' id='word_1_108' title='bbox 1341 2185 1546 2268; x_wconf 82' lang='lat' dir='ltr'><strong>Tridentino</strong></span> 
     </span>
     <span class='ocr_line' id='line_1_16' title="bbox 383 2313 1543 2423; baseline -0.005 -30"><span class='ocrx_word' id='word_1_109' title='bbox 383 2317 486 2420; x_wconf 86' lang='lat' dir='ltr'><strong>(sess.</strong></span> <span class='ocrx_word' id='word_1_110' title='bbox 506 2325 554 2396; x_wconf 73' lang='lat' dir='ltr'><strong>El</strong></span> <span class='ocrx_word' id='word_1_111' title='bbox 574 2343 653 2423; x_wconf 89' lang='lat' dir='ltr'><strong>cop.</strong></span> <span class='ocrx_word' id='word_1_112' title='bbox 686 2326 735 2396; x_wconf 73' lang='lat'><strong>20</strong></span> <span class='ocrx_word' id='word_1_113' title='bbox 763 2315 893 2418; x_wconf 78' lang='lat' dir='ltr'><strong>dores.</strong></span> <span class='ocrx_word' id='word_1_114' title='bbox 924 2321 960 2410; x_wconf 66' lang='grc' dir='ltr'><strong>ἕ.</strong></span> <span class='ocrx_word' id='word_1_115' title='bbox 991 2313 1039 2392; x_wconf 87' lang='lat' dir='ltr'><strong>od</strong></span> <span class='ocrx_word' id='word_1_116' title='bbox 1065 2313 1167 2414; x_wconf 75' lang='lat' dir='ltr'><strong>doec)</strong></span> <span class='ocrx_word' id='word_1_117' title='bbox 1195 2339 1235 2391; x_wconf 87' lang='lat' dir='ltr'><strong>ac</strong></span> <span class='ocrx_word' id='word_1_118' title='bbox 1263 2313 1369 2392; x_wconf 86' lang='lat' dir='ltr'><strong>etiam</strong></span> <span class='ocrx_word' id='word_1_119' title='bbox 1397 2337 1469 2390; x_wconf 86' lang='lat' dir='ltr'><strong>as.</strong></span> <span class='ocrx_word' id='word_1_120' title='bbox 1496 2335 1543 2388; x_wconf 90' lang='lat' dir='ltr'><strong>m.</strong></span> 
     </span>
     <span class='ocr_line' id='line_1_17' title="bbox 385 2435 1548 2546; baseline -0.003 -28"><span class='ocrx_word' id='word_1_121' title='bbox 385 2440 520 2520; x_wconf 89' lang='lat' dir='ltr'><strong>Bened.</strong></span> <span class='ocrx_word' id='word_1_122' title='bbox 551 2445 631 2520; x_wconf 82' lang='lat' dir='ltr'><strong>xlv</strong></span> <span class='ocrx_word' id='word_1_123' title='bbox 650 2440 705 2546; x_wconf 91' lang='lat' dir='ltr'><strong>(in</strong></span> <span class='ocrx_word' id='word_1_124' title='bbox 731 2440 794 2520; x_wconf 87' lang='lat' dir='ltr'><strong>cit.</strong></span> <span class='ocrx_word' id='word_1_125' title='bbox 818 2439 969 2520; x_wconf 89' lang='lat' dir='ltr'><strong>Constit.</strong></span> <span class='ocrx_word' id='word_1_126' title='bbox 991 2436 1058 2518; x_wconf 83' lang='lat' dir='ltr'><strong>Dei</strong></span> <span class='ocrx_word' id='word_1_127' title='bbox 1075 2437 1303 2518; x_wconf 84' lang='lat' dir='ltr'><strong>miseratione</strong></span> <span class='ocrx_word' id='word_1_128' title='bbox 1328 2445 1363 2533; x_wconf 60' lang='grc' dir='ltr'><strong>ὅ.</strong></span> <span class='ocrx_word' id='word_1_129' title='bbox 1396 2435 1438 2540; x_wconf 78' lang='lat' dir='ltr'><strong>t)</strong></span> <span class='ocrx_word' id='word_1_130' title='bbox 1462 2461 1548 2516; x_wconf 89' lang='lat' dir='ltr'><strong>cau-</strong></span> 
     </span>
     <span class='ocr_line' id='line_1_18' title="bbox 386 2559 1549 2667; baseline 0 -27"><span class='ocrx_word' id='word_1_131' title='bbox 386 2587 506 2642; x_wconf 90' lang='lat' dir='ltr'><strong>sarum</strong></span> <span class='ocrx_word' id='word_1_132' title='bbox 525 2563 825 2643; x_wconf 87' lang='lat' dir='ltr'><strong>matrimonalium</strong></span> <span class='ocrx_word' id='word_1_133' title='bbox 853 2562 1007 2665; x_wconf 80' lang='lat' dir='ltr'><strong>cognitio</strong></span> <span class='ocrx_word' id='word_1_134' title='bbox 1035 2561 1223 2667; x_wconf 88' lang='lat' dir='ltr'><strong>quibusvis</strong></span> <span class='ocrx_word' id='word_1_135' title='bbox 1250 2561 1430 2644; x_wconf 88' lang='lat' dir='ltr'><strong>iudicibus</strong></span> <span class='ocrx_word' id='word_1_136' title='bbox 1458 2559 1549 2643; x_wconf 89' lang='lat' dir='ltr'><strong>inle-</strong></span> 
     </span>
     <span class='ocr_line' id='line_1_19' title="bbox 383 2685 1545 2793; baseline 0.003 -29"><span class='ocrx_word' id='word_1_137' title='bbox 383 2686 554 2782; x_wconf 92' lang='lat' dir='ltr'><strong>rioribus,</strong></span> <span class='ocrx_word' id='word_1_138' title='bbox 578 2713 651 2764; x_wconf 79' lang='lat' dir='ltr'><strong>non</strong></span> <span class='ocrx_word' id='word_1_139' title='bbox 671 2686 829 2766; x_wconf 82' lang='lat' dir='ltr'><strong>obstante</strong></span> <span class='ocrx_word' id='word_1_140' title='bbox 847 2686 970 2792; x_wconf 82' lang='lat' dir='ltr'><strong>quouis</strong></span> <span class='ocrx_word' id='word_1_141' title='bbox 985 2685 1176 2792; x_wconf 80' lang='lat' dir='ltr'><strong>pricilepio</strong></span> <span class='ocrx_word' id='word_1_142' title='bbox 1193 2711 1235 2766; x_wconf 87' lang='lat' dir='ltr'><strong>oc</strong></span> <span class='ocrx_word' id='word_1_143' title='bbox 1250 2685 1545 2793; x_wconf 82' lang='lat' dir='ltr'><strong>praescriptione,</strong></span> 
     </span>
     <span class='ocr_line' id='line_1_20' title="bbox 387 2809 1550 2916; baseline 0 -28"><span class='ocrx_word' id='word_1_144' title='bbox 387 2809 496 2890; x_wconf 87' lang='lat' dir='ltr'><strong>luerit</strong></span> <span class='ocrx_word' id='word_1_145' title='bbox 522 2810 680 2907; x_wconf 81' lang='lat' dir='ltr'><strong>sublata,</strong></span> <span class='ocrx_word' id='word_1_146' title='bbox 711 2837 753 2890; x_wconf 90' lang='lat' dir='ltr'><strong>ac</strong></span> <span class='ocrx_word' id='word_1_147' title='bbox 780 2815 1035 2916; x_wconf 89' lang='lat' dir='ltr'><strong>Episcoporum</strong></span> <span class='ocrx_word' id='word_1_148' title='bbox 1061 2821 1206 2890; x_wconf 85' lang='lat' dir='ltr'><strong>tontum</strong></span> <span class='ocrx_word' id='word_1_149' title='bbox 1239 2810 1397 2898; x_wconf 79' lang='lat' dir='ltr'><strong>examini</strong></span> <span class='ocrx_word' id='word_1_150' title='bbox 1431 2823 1466 2890; x_wconf 90' lang='lat' dir='ltr'><strong>et</strong></span> <span class='ocrx_word' id='word_1_151' title='bbox 1492 2811 1550 2890; x_wconf 90' lang='lat' dir='ltr'><strong>iu·</strong></span> 
     </span>
     <span class='ocr_line' id='line_1_21' title="bbox 383 2933 1547 3039; baseline 0.005 -26"><span class='ocrx_word' id='word_1_152' title='bbox 383 2933 584 3014; x_wconf 89' lang='lat' dir='ltr'><strong>risdictioni</strong></span> <span class='ocrx_word' id='word_1_153' title='bbox 604 2948 799 3030; x_wconf 83' lang='lat' dir='ltr'><strong>reservate,</strong></span> <span class='ocrx_word' id='word_1_154' title='bbox 830 2935 937 3014; x_wconf 81' lang='lat' dir='ltr'><strong>etiam</strong></span> <span class='ocrx_word' id='word_1_155' title='bbox 961 2959 1052 3039; x_wconf 87' lang='lat' dir='ltr'><strong>prae</strong></span> <span class='ocrx_word' id='word_1_156' title='bbox 1080 2933 1270 3014; x_wconf 74' lang='lat' dir='ltr'><strong>atuaticos</strong></span> <span class='ocrx_word' id='word_1_157' title='bbox 1298 2961 1379 3016; x_wconf 84' lang='lat' dir='ltr'><strong>cere</strong></span> <span class='ocrx_word' id='word_1_158' title='bbox 1397 2933 1547 3019; x_wconf 73' lang='lat' dir='ltr'><strong>nullius,</strong></span> 
     </span>
     <span class='ocr_line' id='line_1_22' title="bbox 386 3057 1550 3162; baseline 0.001 -25"><span class='ocrx_word' id='word_1_159' title='bbox 386 3057 470 3138; x_wconf 87' lang='lat' dir='ltr'><strong>licet</strong></span> <span class='ocrx_word' id='word_1_160' title='bbox 497 3057 722 3141; x_wconf 88' lang='lat' dir='ltr'><strong>cardinalitia</strong></span> <span class='ocrx_word' id='word_1_161' title='bbox 745 3057 920 3161; x_wconf 78' lang='lat' dir='ltr'><strong>dignitate</strong></span> <span class='ocrx_word' id='word_1_162' title='bbox 939 3057 1173 3161; x_wconf 83' lang='lat' dir='ltr'><strong>lulgentibus,</strong></span> <span class='ocrx_word' id='word_1_163' title='bbox 1205 3059 1306 3138; x_wconf 85' lang='lat' dir='ltr'><strong>iuxta</strong></span> <span class='ocrx_word' id='word_1_164' title='bbox 1333 3085 1366 3138; x_wconf 90' lang='lat' dir='ltr'><strong>s.</strong></span> <span class='ocrx_word' id='word_1_165' title='bbox 1398 3064 1550 3162; x_wconf 80' lang='lat' dir='ltr'><strong>Congre-</strong></span> 
     </span>
     <span class='ocr_line' id='line_1_23' title="bbox 289 3173 1549 3284; baseline 0.002 -24"><span class='ocrx_word' id='word_1_166' title='bbox 289 3195 292 3202; x_wconf 84' lang='grc'><strong>’</strong></span> <span class='ocrx_word' id='word_1_167' title='bbox 382 3181 542 3284; x_wconf 66' lang='lat' dir='ltr'><strong>vgationis</strong></span> <span class='ocrx_word' id='word_1_168' title='bbox 569 3173 817 3277; x_wconf 69' lang='lat' dir='ltr'><strong>resolutiones,</strong></span> <span class='ocrx_word' id='word_1_169' title='bbox 848 3182 932 3262; x_wconf 90' lang='lat' dir='ltr'><strong>hinc</strong></span> <span class='ocrx_word' id='word_1_170' title='bbox 961 3185 1075 3267; x_wconf 90' lang='lat' dir='ltr'><strong>tutius</strong></span> <span class='ocrx_word' id='word_1_171' title='bbox 1110 3185 1192 3278; x_wconf 90' lang='lat' dir='ltr'><strong>erit,</strong></span> <span class='ocrx_word' id='word_1_172' title='bbox 1233 3195 1273 3264; x_wconf 92' lang='lat' dir='ltr'><strong>ut</strong></span> <span class='ocrx_word' id='word_1_173' title='bbox 1304 3183 1436 3264; x_wconf 90' lang='lat' dir='ltr'><strong>nedum</strong></span> <span class='ocrx_word' id='word_1_174' title='bbox 1467 3191 1549 3262; x_wconf 89' lang='lat' dir='ltr'><strong>sen·</strong></span> 
     </span>
     <span class='ocr_line' id='line_1_24' title="bbox 383 3303 1576 3412; baseline 0.002 -28"><span class='ocrx_word' id='word_1_175' title='bbox 383 3303 502 3408; x_wconf 38' lang='lat' dir='ltr'><strong>,tentia</strong></span> <span class='ocrx_word' id='word_1_176' title='bbox 521 3303 736 3409; x_wconf 81' lang='lat' dir='ltr'><strong>proteratur,</strong></span> <span class='ocrx_word' id='word_1_177' title='bbox 754 3305 816 3384; x_wconf 90' lang='lat' dir='ltr'><strong>sed</strong></span> <span class='ocrx_word' id='word_1_178' title='bbox 834 3305 943 3387; x_wconf 86' lang='lat' dir='ltr'><strong>etiam</strong></span> <span class='ocrx_word' id='word_1_179' title='bbox 958 3319 1037 3388; x_wconf 88' lang='lat' dir='ltr'><strong>acta</strong></span> <span class='ocrx_word' id='word_1_180' title='bbox 1053 3331 1240 3412; x_wconf 81' lang='lat' dir='ltr'><strong>processus</strong></span> <span class='ocrx_word' id='word_1_181' title='bbox 1257 3331 1321 3411; x_wconf 90' lang='lat' dir='ltr'><strong>per</strong></span> <span class='ocrx_word' id='word_1_182' title='bbox 1337 3307 1548 3412; x_wconf 85' lang='lat' dir='ltr'><strong>Episcopum</strong></span> <span class='ocrx_word' id='word_1_183' title='bbox 1564 3351 1576 3370; x_wconf 87' lang='lat'><strong>·</strong></span> 
     </span>
     <span class='ocr_line' id='line_1_25' title="bbox 390 3427 1549 3535; baseline 0.002 -27"><span class='ocrx_word' id='word_1_184' title='bbox 390 3427 447 3508; x_wconf 87' lang='lat' dir='ltr'><strong>vel</strong></span> <span class='ocrx_word' id='word_1_185' title='bbox 473 3451 535 3533; x_wconf 92' lang='lat' dir='ltr'><strong>per</strong></span> <span class='ocrx_word' id='word_1_186' title='bbox 563 3429 836 3510; x_wconf 87' lang='lat' dir='ltr'><strong>ecclesiasticam</strong></span> <span class='ocrx_word' id='word_1_187' title='bbox 865 3455 1050 3535; x_wconf 87' lang='lat' dir='ltr'><strong>personam</strong></span> <span class='ocrx_word' id='word_1_188' title='bbox 1079 3430 1280 3535; x_wconf 79' lang='lat' dir='ltr'><strong>specialiter</strong></span> <span class='ocrx_word' id='word_1_189' title='bbox 1309 3429 1354 3508; x_wconf 89' lang='lat' dir='ltr'><strong>ab</strong></span> <span class='ocrx_word' id='word_1_190' title='bbox 1383 3455 1425 3512; x_wconf 90' lang='lat' dir='ltr'><strong>oo</strong></span> <span class='ocrx_word' id='word_1_191' title='bbox 1451 3429 1549 3510; x_wconf 82' lang='lat' dir='ltr'><strong>delo·</strong></span> 
     </span>
     <span class='ocr_line' id='line_1_26' title="bbox 389 3553 955 3661; baseline 0.005 -28"><span class='ocrx_word' id='word_1_192' title='bbox 389 3554 541 3656; x_wconf 80' lang='lat' dir='ltr'><strong>gandam</strong></span> <span class='ocrx_word' id='word_1_193' title='bbox 569 3553 801 3636; x_wconf 82' lang='lat' dir='ltr'><strong>conficiantur</strong></span> <span class='ocrx_word' id='word_1_194' title='bbox 832 3587 851 3630; x_wconf 71' lang='lat' dir='ltr'><strong>a</strong></span> <span class='ocrx_word' id='word_1_195' title='bbox 881 3555 897 3661; x_wconf 92' lang='lat'>(</span> <span class='ocrx_word' id='word_1_196' title='bbox 925 3556 955 3656; x_wconf 89' lang='grc'><strong>).</strong></span> 
     </span>
    </p>
   </div>
   <div class='ocr_carea' id='block_1_3' title="bbox 469 3680 1549 3788">
    <p class='ocr_par' dir='ltr' id='par_1_3' title="bbox 469 3680 1549 3788">
     <span class='ocr_line' id='line_1_27' title="bbox 469 3680 1549 3788; baseline 0.002 -30"><span class='ocrx_word' id='word_1_197' title='bbox 469 3689 507 3758; x_wconf 76' lang='lat'><strong>2.</strong></span> <span class='ocrx_word' id='word_1_198' title='bbox 549 3680 781 3786; x_wconf 82' lang='lat' dir='ltr'><strong>Exploratum</strong></span> <span class='ocrx_word' id='word_1_199' title='bbox 817 3693 855 3759; x_wconf 93' lang='lat' dir='ltr'><strong>at</strong></span> <span class='ocrx_word' id='word_1_200' title='bbox 891 3693 964 3776; x_wconf 86' lang='lat' dir='ltr'><strong>est,</strong></span> <span class='ocrx_word' id='word_1_201' title='bbox 994 3681 1089 3788; x_wconf 89' lang='lat' dir='ltr'><strong>quod</strong></span> <span class='ocrx_word' id='word_1_202' title='bbox 1123 3681 1319 3788; x_wconf 80' lang='lat' dir='ltr'><strong>Episcopus</strong></span> <span class='ocrx_word' id='word_1_203' title='bbox 1360 3707 1549 3762; x_wconf 89' lang='lat' dir='ltr'><strong>causarum</strong></span> 
     </span>
    </p>
   </div>
   <div class='ocr_carea' id='block_1_4' title="bbox 387 3929 1551 4533">
    <p class='ocr_par' dir='ltr' id='par_1_4' title="bbox 390 3929 1550 4002">
     <span class='ocr_line' id='line_1_28' title="bbox 390 3929 1550 4002; baseline 0.006 -23"><span class='ocrx_word' id='word_1_204' title='bbox 390 3949 403 3979; x_wconf 64' lang='lat' dir='ltr'><strong>a</strong></span> <span class='ocrx_word' id='word_1_205' title='bbox 423 3943 523 3986; x_wconf 85' lang='lat' dir='ltr'><strong>causus</strong></span> <span class='ocrx_word' id='word_1_206' title='bbox 544 3929 769 3986; x_wconf 82' lang='lat' dir='ltr'><strong>matrimoniales</strong></span> <span class='ocrx_word' id='word_1_207' title='bbox 787 3937 815 3988; x_wconf 92' lang='lat' dir='ltr'><strong>ot</strong></span> <span class='ocrx_word' id='word_1_208' title='bbox 833 3930 1013 3997; x_wconf 62' lang='lat' dir='ltr'><strong>criminalem</strong></span> <span class='ocrx_word' id='word_1_209' title='bbox 1033 3929 1121 4002; x_wconf 88' lang='lat' dir='ltr'><strong>idque</strong></span> <span class='ocrx_word' id='word_1_210' title='bbox 1134 3933 1158 3988; x_wconf 82' lang='lat' dir='ltr'><strong>st</strong></span> <span class='ocrx_word' id='word_1_211' title='bbox 1172 3929 1338 3988; x_wconf 81' lang='lat' dir='ltr'><strong>huiusmodi</strong></span> <span class='ocrx_word' id='word_1_212' title='bbox 1358 3930 1550 3988; x_wconf 74' lang='lat' dir='ltr'><strong>immemoris·</strong></span> 
     </span>
    </p>

    <p class='ocr_par' dir='ltr' id='par_1_5' title="bbox 390 4017 1550 4089">
     <span class='ocr_line' id='line_1_29' title="bbox 390 4017 1550 4089; baseline 0.005 -21"><span class='ocrx_word' id='word_1_213' title='bbox 390 4038 403 4068; x_wconf 67' lang='lat' dir='ltr'><strong>a</strong></span> <span class='ocrx_word' id='word_1_214' title='bbox 425 4019 478 4074; x_wconf 87' lang='lat' dir='ltr'><strong>tem</strong></span> <span class='ocrx_word' id='word_1_215' title='bbox 499 4017 736 4074; x_wconf 86' lang='lat' dir='ltr'><strong>cousuetudinem</strong></span> <span class='ocrx_word' id='word_1_216' title='bbox 757 4017 851 4076; x_wconf 84' lang='lat' dir='ltr'><strong>tribus</strong></span> <span class='ocrx_word' id='word_1_217' title='bbox 867 4018 1016 4078; x_wconf 79' lang='lat' dir='ltr'><strong>sentemds</strong></span> <span class='ocrx_word' id='word_1_218' title='bbox 1035 4017 1230 4076; x_wconf 82' lang='lat' dir='ltr'><strong>conterminus</strong></span> <span class='ocrx_word' id='word_1_219' title='bbox 1246 4017 1403 4089; x_wconf 71' lang='lat' dir='ltr'><strong>probarint,</strong></span> <span class='ocrx_word' id='word_1_220' title='bbox 1417 4032 1475 4076; x_wconf 86' lang='lat' dir='ltr'><strong>nou</strong></span> <span class='ocrx_word' id='word_1_221' title='bbox 1487 4031 1550 4074; x_wconf 86' lang='lat' dir='ltr'><strong>esse</strong></span> 
     </span>
    </p>

    <p class='ocr_par' dir='ltr' id='par_1_6' title="bbox 390 4103 1551 4179">
     <span class='ocr_line' id='line_1_30' title="bbox 390 4103 1551 4179; baseline 0.003 -20"><span class='ocrx_word' id='word_1_222' title='bbox 390 4127 404 4157; x_wconf 70' lang='lat' dir='ltr'><strong>e</strong></span> <span class='ocrx_word' id='word_1_223' title='bbox 424 4103 622 4178; x_wconf 86' lang='lat' dir='ltr'><strong>impediendos</strong></span> <span class='ocrx_word' id='word_1_224' title='bbox 640 4119 702 4163; x_wconf 86' lang='lat' dir='ltr'><strong>eom</strong></span> <span class='ocrx_word' id='word_1_225' title='bbox 722 4121 855 4164; x_wconf 83' lang='lat' dir='ltr'><strong>exercere</strong></span> <span class='ocrx_word' id='word_1_226' title='bbox 871 4127 895 4162; x_wconf 78' lang='lat' dir='ltr'><strong>o.</strong></span> <span class='ocrx_word' id='word_1_227' title='bbox 916 4137 934 4147; x_wconf 93' lang='lat'><em>-</em></span> <span class='ocrx_word' id='word_1_228' title='bbox 949 4107 1032 4179; x_wconf 73' lang='lat' dir='ltr'><strong>Apud</strong></span> <span class='ocrx_word' id='word_1_229' title='bbox 1051 4107 1234 4172; x_wconf 84' lang='lat' dir='ltr'><strong>Lenrentnm.</strong></span> <span class='ocrx_word' id='word_1_230' title='bbox 1261 4112 1347 4164; x_wconf 83' lang='lat' dir='ltr'><strong>tract.</strong></span> <span class='ocrx_word' id='word_1_231' title='bbox 1370 4107 1404 4164; x_wconf 85' lang='lat' dir='ltr'><strong>de</strong></span> <span class='ocrx_word' id='word_1_232' title='bbox 1425 4105 1551 4165; x_wconf 69' lang='lat' dir='ltr'><strong>Vicurs&#39;e&#39;r</strong></span> 
     </span>
    </p>

    <p class='ocr_par' dir='ltr' id='par_1_7' title="bbox 389 4193 1546 4266">
     <span class='ocr_line' id='line_1_31' title="bbox 389 4193 1546 4266; baseline -0.003 -14"><span class='ocrx_word' id='word_1_233' title='bbox 389 4195 595 4266; x_wconf 67' lang='lat' dir='ltr'><strong>cpiscoporum</strong></span> <span class='ocrx_word' id='word_1_234' title='bbox 612 4200 784 4266; x_wconf 69' lang='lat' dir='ltr'><strong>etc-quum.</strong></span> <span class='ocrx_word' id='word_1_235' title='bbox 805 4200 867 4252; x_wconf 80' lang='lat' dir='ltr'><strong>ote.</strong></span> <span class='ocrx_word' id='word_1_236' title='bbox 888 4195 922 4254; x_wconf 81' lang='lat' dir='ltr'><strong>de</strong></span> <span class='ocrx_word' id='word_1_237' title='bbox 939 4195 1090 4254; x_wconf 76' lang='lat' dir='ltr'><strong>tur-tectior.</strong></span> <span class='ocrx_word' id='word_1_238' title='bbox 1110 4203 1137 4250; x_wconf 79' lang='lat' dir='ltr'><strong>et</strong></span> <span class='ocrx_word' id='word_1_239' title='bbox 1154 4201 1255 4266; x_wconf 75' lang='lat' dir='ltr'><strong>potest.</strong></span> <span class='ocrx_word' id='word_1_240' title='bbox 1271 4195 1394 4252; x_wconf 79' lang='lat' dir='ltr'><strong>Archtd.</strong></span> <span class='ocrx_word' id='word_1_241' title='bbox 1407 4195 1490 4252; x_wconf 80' lang='lat' dir='ltr'><strong>cttrtc</strong></span> <span class='ocrx_word' id='word_1_242' title='bbox 1503 4193 1546 4250; x_wconf 83' lang='lat' dir='ltr'><strong>ri·</strong></span> 
     </span>
    </p>

    <p class='ocr_par' dir='ltr' id='par_1_8' title="bbox 387 4283 1548 4533">
     <span class='ocr_line' id='line_1_32' title="bbox 387 4283 1495 4356; baseline -0.006 -14"><span class='ocrx_word' id='word_1_243' title='bbox 387 4284 506 4356; x_wconf 71' lang='lat' dir='ltr'><strong>ruatettt</strong></span> <span class='ocrx_word' id='word_1_244' title='bbox 526 4292 596 4342; x_wconf 84' lang='lat' dir='ltr'><strong>tom.</strong></span> <span class='ocrx_word' id='word_1_245' title='bbox 617 4289 644 4338; x_wconf 80' lang='lat' dir='ltr'><strong>t.</strong></span> <span class='ocrx_word' id='word_1_246' title='bbox 663 4283 789 4342; x_wconf 83' lang='lat' dir='ltr'><strong>conrott.</strong></span> <span class='ocrx_word' id='word_1_247' title='bbox 809 4289 853 4341; x_wconf 76' lang='lat' dir='ltr'><strong>ec.</strong></span> <span class='ocrx_word' id='word_1_248' title='bbox 873 4301 904 4342; x_wconf 81' lang='lat' dir='ltr'><strong>n.</strong></span> <span class='ocrx_word' id='word_1_249' title='bbox 924 4289 969 4342; x_wconf 70' lang='lat' dir='ltr'><strong>rt.</strong></span> <span class='ocrx_word' id='word_1_250' title='bbox 988 4289 1016 4341; x_wconf 87' lang='lat' dir='ltr'><strong>et</strong></span> <span class='ocrx_word' id='word_1_251' title='bbox 1034 4292 1102 4341; x_wconf 87' lang='lat' dir='ltr'><strong>tom.</strong></span> <span class='ocrx_word' id='word_1_252' title='bbox 1125 4287 1167 4340; x_wconf 84' lang='lat' dir='ltr'><strong>to.</strong></span> <span class='ocrx_word' id='word_1_253' title='bbox 1187 4283 1314 4342; x_wconf 80' lang='lat' dir='ltr'><strong>consult.</strong></span> <span class='ocrx_word' id='word_1_254' title='bbox 1334 4288 1379 4340; x_wconf 78' lang='lat'><strong>⁶7.</strong></span> <span class='ocrx_word' id='word_1_255' title='bbox 1397 4299 1430 4340; x_wconf 85' lang='lat' dir='ltr'><strong>n.</strong></span> <span class='ocrx_word' id='word_1_256' title='bbox 1450 4288 1495 4338; x_wconf 75' lang='lat'><strong>22.</strong></span> 
     </span>
     <span class='ocr_line' id='line_1_33' title="bbox 460 4368 1548 4445; baseline -0.006 -15"><span class='ocrx_word' id='word_1_257' title='bbox 460 4368 498 4442; x_wconf 80' lang='grc'><strong>(1)</strong></span> <span class='ocrx_word' id='word_1_258' title='bbox 518 4375 559 4430; x_wconf 86' lang='lat' dir='ltr'><strong>tta</strong></span> <span class='ocrx_word' id='word_1_259' title='bbox 575 4371 679 4430; x_wconf 82' lang='lat' dir='ltr'><strong>tereex</strong></span> <span class='ocrx_word' id='word_1_260' title='bbox 690 4371 842 4430; x_wconf 83' lang='lat' dir='ltr'><strong>Guttemart</strong></span> <span class='ocrx_word' id='word_1_261' title='bbox 853 4380 881 4429; x_wconf 89' lang='lat' dir='ltr'><strong>et</strong></span> <span class='ocrx_word' id='word_1_262' title='bbox 894 4371 1059 4445; x_wconf 72' lang='lat' dir='ltr'><strong>Pignutettio</strong></span> <span class='ocrx_word' id='word_1_263' title='bbox 1071 4372 1228 4430; x_wconf 84' lang='lat' dir='ltr'><strong>Lenrentus</strong></span> <span class='ocrx_word' id='word_1_264' title='bbox 1239 4372 1290 4430; x_wconf 87' lang='lat' dir='ltr'><strong>toc.</strong></span> <span class='ocrx_word' id='word_1_265' title='bbox 1301 4372 1398 4432; x_wconf 72' lang='lat' dir='ltr'><strong>eece</strong></span> <span class='ocrx_word' id='word_1_266' title='bbox 1412 4369 1548 4431; x_wconf 71' lang='lat' dir='ltr'><strong>Vteorttr.</strong></span> 
     </span>
     <span class='ocr_line' id='line_1_34' title="bbox 461 4460 1324 4533; baseline -0.007 -15"><span class='ocrx_word' id='word_1_267' title='bbox 461 4461 501 4533; x_wconf 65' lang='grc' dir='ltr'><strong>(Ξ)</strong></span> <span class='ocrx_word' id='word_1_268' title='bbox 519 4461 612 4518; x_wconf 73' lang='lat' dir='ltr'><strong>Errbes</strong></span> <span class='ocrx_word' id='word_1_269' title='bbox 632 4461 704 4516; x_wconf 84' lang='lat' dir='ltr'><strong>nanc</strong></span> <span class='ocrx_word' id='word_1_270' title='bbox 729 4461 954 4518; x_wconf 72' lang='lat' dir='ltr'><strong>incorrectionem</strong></span> <span class='ocrx_word' id='word_1_271' title='bbox 975 4460 1047 4516; x_wconf 85' lang='lat' dir='ltr'><strong>intro</strong></span> <span class='ocrx_word' id='word_1_272' title='bbox 1069 4461 1097 4514; x_wconf 86' lang='lat' dir='ltr'><strong>tn</strong></span> <span class='ocrx_word' id='word_1_273' title='bbox 1119 4460 1279 4532; x_wconf 69' lang='lat' dir='ltr'><strong>appendice</strong></span> <span class='ocrx_word' id='word_1_274' title='bbox 1298 4468 1324 4514; x_wconf 76' lang='lat'><strong>2.</strong></span> 
     </span>
    </p>
   </div>
   <div class='ocr_carea' id='block_1_5' title="bbox 0 0 1730 5300">
    <p class='ocr_par' dir='ltr' id='par_1_9' title="bbox 0 0 1730 5300">
     <span class='ocr_line' id='line_1_35' title="bbox 0 0 1730 5300; baseline 0 0"><span class='ocrx_word' id='word_1_275' title='bbox 0 0 1730 5300; x_wconf 95' lang='lat' dir='ltr'><strong> </strong></span> 
     </span>
    </p>
   </div>
  </div>
 </body>
</html>
