3424 5300
688 431 725 448 -·
750 403 802 464 tlt
828 433 864 447 -

271 529 347 604 Non
377 528 486 628 igitur
513 551 555 606 ex
580 525 762 633 personali
793 527 1016 631 exemptione
1050 551 1113 606 seu
1144 525 1352 632 privilepim

190 648 251 726 sed
279 675 322 728 ex
351 651 433 730 eliis
462 677 608 757 prorsus
631 650 821 757 principiis
841 651 968 730 deduci
989 651 1108 746 debet,
1132 650 1353 730 clandestino

189 771 443 852 baereticorum
471 775 694 854 matrimonia
723 788 830 880 atque
850 777 957 854 etiam
976 777 1093 854 mictu
1112 774 1295 880 aliquibus
1315 774 1351 852 in

190 897 395 998 regionibus
424 899 477 976 uti
505 899 622 977 valida
652 899 789 991 baberi,
811 903 973 1004 quamvis
992 900 1029 976 in
1052 899 1096 976 iis
1116 897 1352 977 tridentinum

153 1017 367 1120 n‘decretum
395 1021 501 1103 luerit
534 1023 769 1130 publicatum.
793 1023 974 1102 -Scilicet
1005 1023 1041 1101 in
1060 1022 1251 1128 provinciis
1278 1020 1354 1100 loe-

187 1142 391 1224 deratorum
427 1147 599 1226 Ordinum
637 1147 792 1226 dominio
820 1147 857 1224 in
885 1147 1005 1248 Belgio
1038 1143 1208 1224 subiectis
1232 1141 1350 1222 valida

188 1269 402 1371 proclamata
431 1270 541 1350 luisse
573 1273 711 1351 cunctis
743 1273 985 1377 theologorum
1014 1285 1049 1350 et
1081 1269 1349 1349 canonistarum

187 1393 365 1496 suffragiis
393 1395 614 1476 clandestina
643 1397 901 1476 haereticorum
929 1397 1017 1474 inita
1033 1407 1069 1474 et
1088 1391 1246 1472 ineunda
1265 1415 1350 1470 con·

186 1518 282 1620 iugia
311 1521 387 1624 ipse
415 1519 523 1600 relert
550 1521 764 1601 Benedictus
790 1525 884 1616 lllV,
917 1519 1024 1598 variis
1044 1544 1085 1596 ac
1108 1513 1350 1595 diversissui·

186 1641 410 1744 fragentibus
447 1645 623 1724 rationum
661 1645 846 1724 momentis
880 1643 953 1750 (l).
984 1640 1133 1733 Quidam
1170 1639 1263 1722 enim
1296 1639 1347 1718 ita

185 1766 436 1848 existimarunt
463 1793 506 1846 ex
535 1795 576 1847 eo
604 1769 698 1874 quod
726 1781 823 1848 certa
842 1793 885 1846 ac
903 1768 1090 1872 perspicua
1111 1765 1252 1844 deesset
1266 1789 1350 1870 pro-

186 1888 282 1969 butio
311 1890 355 1969 de
384 1905 527 1996 peracta
555 1891 795 1997 publicatione
823 1891 1240 1995 decretiinunaquaque
1269 1889 1349 1966 illa-

185 2037 263 2092 rum
292 2015 475 2116 regionum
503 2015 685 2120 parocbia.
708 2059 731 2076 -
752 2014 818 2092 llii
847 2011 940 2097 ultro
955 2015 1060 2093 ctiam
1090 2013 1245 2092 admissa
1264 2025 1348 2092 unte

186 2135 307 2214 ciuiles
335 2151 451 2216 motus
478 2137 718 2242 publicatione
747 2137 894 2232 decreti,
930 2161 1009 2215 cum
1043 2151 1162 2216 tamen
1189 2135 1347 2214 noudum

186 2273 322 2354 exorta,
355 2285 469 2366 neque
485 2261 552 2339 sibi
572 2263 764 2340 constituta
793 2275 878 2340 tunc
905 2273 1000 2340 esset
1018 2260 1129 2340 altera
1149 2261 1348 2340 baeretico-

186 2409 263 2460 rum
295 2385 459 2478 societas,
482 2385 569 2464 baec
589 2383 685 2463 baud
705 2383 893 2464 videbatur
911 2383 1083 2462 eiusmodi
1107 2383 1346 2490 publicatione

187 2505 319 2586 decreti
354 2508 528 2612 adstringi
565 2510 736 2614 potuisse.
760 2555 784 2570 ·
805 2509 871 2588 dlii
899 2535 942 2588 ex
979 2509 1112 2590 decreti
1151 2523 1273 2592 tenore
1306 2543 1347 2596 ac

186 2634 329 2710 Patrum
357 2633 632 2713 tridentinorum
659 2647 777 2711 mente
797 2635 884 2712 satis
899 2634 976 2713 erui
991 2635 1259 2734 existimabant,
1283 2640 1348 2720 be·

185 2756 373 2834 teredonas
401 2757 590 2836 societates
617 2783 658 2836 ea
687 2757 763 2860 lege
791 2783 863 2836 non
881 2759 1132 2863 comprehendi
1153 2759 1296 2842 debere.
1321 2811 1345 2828 -

185 2880 251 2958 llii
279 2879 420 2960 demum
452 2881 647 2960 catholicae
684 2881 863 2984 religionis
891 2905 1019 2960 causac
1057 2896 1165 2986 atque
1194 2887 1343 2967 utilitati

185 3004 351 3109 expedire
379 3005 574 3110 prudenter
602 3006 865 3100 existimarunt,
895 3020 936 3085 ut
955 3006 1072 3086 valida
1092 3009 1263 3091 eiusmodi
1284 3013 1347 3094 de-

185 3127 405 3206 clararentur
432 3130 624 3208 connubia.

263 3251 458 3330 Declarutis
486 3265 604 3330 autem
633 3253 760 3332 ualidis
786 3255 1021 3334 matrimoniis
1045 3259 1138 3336 inter
1158 3238 1345 3368 utrumpuc

181 3388 321 3479 portem
349 3375 559 3455 decreticum
574 3377 687 3473 initis,
710 3377 816 3455 etiam
834 3379 950 3456 mictu
964 3381 1127 3484 coniugia
1146 3383 1263 3462 valida
1283 3385 1346 3464 de·

185 3499 316 3578 clarata
345 3499 491 3579 luerunt
520 3513 705 3605 «propter
741 3501 1030 3582 individuitatem
1063 3519 1280 3596 contrectas,
1309 3511 1344 3588 vi

188 3625 329 3702 «ouius
357 3625 534 3730 exemptio
560 3651 652 3729 quae
679 3627 741 3702 uni
771 3627 991 3731 expertibus
1018 3633 1199 3734 competit,
1232 3632 1277 3710 ad
1293 3633 1346 3712 al-

188 3760 353 3843 «teram,
384 3747 578 3826 secundum
607 3747 713 3825 etiam
741 3749 863 3828 civiles
900 3752 1022 3854 leges,
1042 3755 1262 3852 extenditur,
1294 3760 1346 3836 ei·

186 3902 204 3942 a
227 3873 378 3978 demque
406 3871 685 3950 communicatur
708 3905 725 3946 a
752 3879 830 3978 (2).

262 4001 317 4074 Eu
336 4023 504 4101 quorsum
520 3996 684 4076 recidunt
711 3999 880 4095 rationes,
903 4001 947 4080 ob
966 4028 1056 4107 quas
1085 4004 1168 4084 data
1187 4006 1341 4112 primum

253 4277 287 4348 ll]
307 4277 354 4334 Ctr
373 4277 476 4336 Bened.
503 4281 563 4337 xlv
583 4281 620 4336 De
636 4280 753 4352 syuodo
774 4280 825 4340 ttb.
846 4285 872 4336 6.
892 4297 959 4360 cop¹¹
977 4291 1004 4341 6.
1023 4301 1074 4342 nu.
1096 4291 1179 4346 7-to.

254 4363 291 4438 (9)
312 4365 452 4423 Benediot.
472 4369 532 4424 lllv
555 4367 573 4424 l.
593 4383 616 4424 c.
636 4384 667 4424 n.
689 4373 732 4424 ta.
