3406 5302
667 365 839 431 -231-

168 491 214 572 ab
242 517 333 589 uno,
372 493 590 602 totidemque
618 493 663 574 ab
700 494 811 576 altero
842 494 990 596 coniuge
1027 493 1251 576 inductorum
1278 522 1320 578 er

168 643 288 720 eorum
315 619 524 724 propinquis
551 620 608 700 vel
636 618 761 698 vicinis
789 617 902 697 bonae
929 616 1056 714 lamae,
1088 643 1159 696 non
1197 645 1320 724 parum

169 743 292 822 iuvare
320 756 460 848 poterat
486 743 531 822 ad
560 743 835 848 dignoscendum
864 755 901 822 et
927 741 1155 822 veracitatem
1183 727 1325 850 depdsi-

169 868 304 946 tionum
340 865 542 946 eorumdem
578 869 767 971 coniugum
804 865 929 946 saltem
956 891 999 944 ex
1031 863 1257 964 credulitate,
1288 881 1325 948 et

167 1015 258 1096 qnae
285 990 415 1069 mentis
442 990 588 1070 latebris
616 991 718 1072 lacile
745 990 856 1069 latere
873 1001 1038 1096 possunt,
1059 1014 1223 1095 quaeque
1242 1016 1322 1097 pro-

167 1114 324 1220 pinquis,
344 1115 465 1195 amicis
494 1115 549 1194 vel
578 1115 704 1196 vicinis
733 1115 870 1220 aperire
889 1113 1088 1193 dictitando
1107 1113 1221 1194 solent
1240 1139 1325 1194 oon-

167 1240 281 1343 iuges,
304 1239 531 1320 dissidiorum
558 1241 766 1347 praesertim
793 1251 964 1345 tempore.
987 1238 1097 1318 -Sed
1126 1239 1193 1318 hoo
1221 1253 1256 1320 et
1275 1241 1325 1320 si·
1421 1331 1425 1338 ,

167 1363 263 1442 milia
278 1364 382 1444 sicuti
397 1365 624 1445 iudicialibus
644 1366 731 1444 actis
751 1363 950 1443 nullitatem
970 1388 1039 1442 non
1060 1365 1227 1466 ingerunt
1246 1362 1321 1470 (1),

168 1486 217 1564 ita
245 1511 311 1566 nec
348 1487 644 1568 substantialibus
680 1489 787 1568 huius
819 1513 946 1568 causae
975 1485 1146 1566 officiunt.
1179 1489 1327 1595 Deposi-

170 1610 282 1690 tiones
310 1612 404 1690 enim
431 1612 620 1717 coniugum
648 1637 689 1691 ac
716 1614 861 1692 testium
894 1609 1125 1690 iurisiurandi
1153 1611 1323 1716 religione

168 1733 367 1830 inchoatae,
399 1735 592 1842 eodemque
620 1735 767 1816 solemni
791 1735 932 1816 vinculo
951 1733 1150 1830 absolutae,
1182 1734 1324 1816 abunde

168 1859 329 1938 sufficere
367 1859 532 1940 videntur
559 1859 605 1940 ad
632 1885 761 1940 causae
789 1860 897 1940 huius
929 1859 1096 1940 criterion
1124 1859 1192 1940 sibi
1220 1860 1323 1942 ellor-

167 1985 353 2080 rnandum3
385 2009 451 2064 nec
477 2011 520 2064 er
549 1985 607 2081 iis,
638 2011 730 2092 quae
749 1984 934 2080 deliciunt,
956 1983 1029 2062 ullo
1046 1996 1151 2090 pacto
1168 1985 1324 2090 pendere

170 2107 312 2188 videtur
340 2107 447 2188 huius
474 2109 693 2215 quaestionis
720 2108 864 2188 solutio.

249 2239 287 2308 8.
318 2233 382 2310 His
409 2233 530 2338 itaque
558 2232 731 2313 absolutis
751 2229 978 2312 iudicialibus
997 2231 1100 2326 actis,
1123 2243 1198 2310 tum
1218 2229 1326 2310 iudex

170 2354 214 2435 ad
243 2368 322 2435 acta
349 2356 535 2437 dumtaxat
563 2357 772 2438 instruenda
799 2355 996 2460 delegatus,
1020 2367 1095 2435 tum
1115 2354 1328 2434 matrimonii

169 2479 345 2577 defensor,
376 2495 451 2561 tum
479 2484 634 2588 partium
661 2495 881 2590 procurator,
913 2506 954 2560 ea
973 2478 1018 2558 ad
1038 2480 1223 2560 veritatem
1244 2505 1329 2558 eru-

171 2604 297 2686 endam
334 2609 421 2686 satis
455 2633 532 2688 esse
560 2608 753 2688 duxerunt.
784 2611 835 2684 Eo
862 2605 919 2684 vel
948 2606 1058 2708 magis
1089 2604 1184 2710 quod
1212 2603 1329 2684 dictus

170 2746 376 2836 procurator
413 2734 482 2812 iarn
510 2733 547 2812 in
575 2734 664 2813 actis
690 2731 955 2826 declaraverat,
996 2755 1066 2809 non
1094 2728 1254 2836 potuis'se
1283 2727 1329 2806 ad

170 2881 318 2936 examen
344 2856 512 2938 inducere
540 2857 709 2938 Jacobum
737 2855 930 2963 parocbum
949 2855 1126 2935 Ecclesiae
1154 2881 1184 2933 s.
1216 2858 1331 2933 Fran-

172 2980 268 3074 cisoi,
309 2985 440 3060 Rosam
469 2981 612 3062 amitam
641 2983 758 3078 Gaiae,
797 2983 1022 3059 Franciscum
1051 2991 1179 3058 testem
1207 2981 1331 3057 matri-

172 3103 279 3182 monii
306 3102 536 3184 celebrationi
564 3103 778 3200 adhibitum,
809 3104 894 3210 quia
923 3103 1098 3210 parochus
1126 3127 1144 3181 e
1169 3102 1243 3182 vita
1263 3104 1330 3181 mi·

174 3241 337 3330 graveret
364 3227 421 3307 die
442 3239 462 3308 7
484 3241 575 3335 sept.
611 3237 710 3310 1865
740 3227 869 3334 (dlleg.
901 3231 961 3332 Z);
992 3227 1237 3308 Rosaitidem
1256 3229 1330 3308 vita

174 3366 329 3444 cesserat
356 3353 413 3433 die
446 3353 609 3435 191111.
644 3353 902 3458 1116961111.
935 3351 999 3456 T);
1034 3353 1243 3432 Franciscus
1271 3351 1328 3432 vel

175 3504 195 3555 a
222 3476 280 3556 die
309 3487 358 3574 25
386 3479 525 3558 ianuar.
560 3487 658 3560 1861
679 3478 887 3558 deseruerat
905 3477 1161 3558 habitationem
1180 3479 1331 3583 positam

175 3604 212 3680 in
239 3604 297 3679 via
325 3627 356 3680 s.
380 3603 577 3699 Laurentii,
600 3629 637 3681 1.
663 3610 700 3698 t,
723 3627 788 3681 nec
806 3601 991 3682 constabat
1009 3627 1081 3708 quo
1099 3603 1327 3706 migraverat,

176 3726 230 3805 vel
258 3725 320 3805 ubi
348 3743 546 3808 moraretur
573 3727 703 3835 (dlleg.
734 3726 1327 3832 6)(1111111.11-11-11).-

174 3854 394 3960 Ouapropter
418 3853 462 3934 ab
488 3854 675 3934 Ordinatio
702 3853 769 3934 loci
793 3853 850 3932 die
887 3863 933 3934 19
972 3853 1171 3934 novembris
1202 3859 1327 3948 1869,

174 3977 329 4056 instante
357 3980 545 4083 coniugum
573 3992 814 4086 procuratore,
836 4003 1022 4085 processus
1045 3976 1238 4083 publicatio
1267 3975 1330 4054 de-

176 4103 344 4198 cernitur,
376 4104 482 4184 iuder
512 4105 556 4184 ad
584 4131 726 4186 causam
751 4103 1028 4209 cognoscendam
1047 4129 1089 4184 11
1107 4101 1332 4184 iudicandam

244 4305 286 4372 (1)
305 4301 353 4361 Clr
370 4303 400 4360 in
418 4303 547 4376 Append.
567 4307 595 4357 1·
614 4301 660 4359 cit.
681 4305 772 4357 const.
797 4297 1102 4370 connectiones.
1123 4299 1152 4366 7,
1172 4305 1201 4356 et
1223 4298 1270 4356 cit.
1292 4297 1334 4356 ln·

181 4392 375 4462 structionem.
