3424 5300
647 463 825 526 -tott-

161 591 350 696 expositio,
382 590 426 670 de
453 591 585 696 quibus
613 592 833 672 confirmatio
852 591 1059 696 requiritur,
1082 594 1323 674 concinnatis·

161 741 231 821 que
273 717 612 819 interrogationibus
649 717 877 824 opportunis,
914 742 955 795 ac
990 717 1144 824 denique
1178 723 1322 799 testium

161 839 332 945 expositis
361 840 563 920 numinibus
591 841 636 920 ad
665 841 893 921 Ordinarium
922 841 1086 921 mittatur
1106 842 1224 922 lociin
1252 869 1322 950 quo

160 989 333 1070 personae
361 965 510 1045 inridioe
538 965 737 1046 audiendae
766 969 1120 1072 commorantur,qui
1139 992 1225 1045 suae
1253 971 1322 1046 Cu-

160 1090 236 1169 riae
263 1090 466 1196 praecipere
487 1089 617 1186 faveat,
642 1105 683 1170 ut
702 1103 812 1170 testes
831 1093 1080 1170 examinentur
1099 1091 1199 1170 iuxta
1220 1089 1322 1172 datas

161 1215 471 1318 interrogationes.
494 1261 518 1276 -
537 1214 748 1294 Ordinarins
777 1229 895 1296 autem
924 1217 973 1294 ita
1002 1216 1040 1294 in
1059 1215 1258 1295 subsidium
1276 1215 1321 1296 ad

160 1341 376 1418 matrimonii
404 1341 483 1418 iura
510 1337 684 1418 servanda
712 1353 871 1444 rogatus,
890 1339 1036 1420 testium
1055 1363 1203 1418 eramen
1222 1343 1322 1421 iuxta

160 1467 429 1571 praesignatum
457 1464 616 1544 ordinem
644 1464 830 1571 suscipiat,
861 1489 940 1543 oum
969 1463 1173 1544 assistentia
1202 1461 1325 1544 deien-

161 1591 252 1668 soris
279 1588 509 1684 matrimonii,
540 1603 649 1694 atque
678 1602 862 1694 susceptas
890 1587 1035 1667 testium
1049 1585 1234 1667 iudiciales
1262 1587 1324 1667 de-

160 1714 356 1818 positiones
384 1717 421 1792 in
448 1714 590 1820 scriptis
609 1714 676 1795 sub
696 1739 761 1794 suo
780 1713 895 1817 sigillo
914 1714 1054 1794 clausas
1073 1711 1117 1792 ad
1137 1713 1324 1819 requiren—

160 1851 233 1916 tem
260 1837 488 1918 Ordinarium
517 1839 737 1918 transmittat
765 1837 838 1942 (1).

244 1971 304 2042 tt.
338 1969 386 2044 De
414 1961 557 2042 testium
584 1966 785 2044 iuramento
812 1961 1048 2068 aliorumque.

240 2095 325 2168 Cum
358 2090 465 2169 iurati
499 2103 639 2169 tanturn
676 2090 778 2169 testis
814 2087 988 2195 depositio
1019 2089 1057 2166 in
1089 2087 1220 2168 iudicio
1250 2090 1320 2168 vim

159 2213 293 2294 babeat
316 2215 492 2319 legitimae
512 2213 746 2321 probationis
770 2214 853 2294 binc
872 2227 983 2294 testes
1001 2239 1137 2309 omnes,
1160 2217 1323 2319 quamvis

158 2339 278 2420 clerici
306 2340 379 2419 siut
407 2355 470 2419 aut
497 2339 666 2442 religiosi,
684 2339 827 2445 praevio
847 2343 1047 2418 iuramento
1065 2339 1240 2446 deponere
1260 2339 1323 2419 de-

158 2464 262 2561 bent,
294 2489 397 2546 secus
425 2464 514 2543 nihil
542 2463 709 2571 probant,
731 2464 786 2543 uti
813 2463 902 2543 iuris
921 2465 1109 2570 utriusque
1127 2477 1248 2544 tentus
1267 2465 1323 2542 in-

158 2593 342 2696 geminant
375 2589 448 2697 (2).
472 2637 496 2652 -
515 2591 682 2671 Maiorem
716 2593 810 2670 enim
844 2591 1037 2671 testimonii
1069 2589 1319 2672 certitudinem

159 2716 216 2795 rel
243 2717 395 2795 maxime
423 2741 614 2824 procurare
647 2715 754 2796 debet
785 2715 907 2813 iudex,
943 2741 988 2797 ne
1016 2741 1079 2823 per
1107 2717 1321 2797 sententiam

158 2855 222 2920 ant
249 2843 344 2947 parti
372 2855 435 2920 aut
464 2841 573 2944 iugali
602 2840 815 2920 sacramenti
843 2841 985 2921 vinculo
1004 2839 1173 2920 damnum
1191 2841 1324 2920 iniuste

158 2963 303 3044 inferat.
336 2969 552 3045 Proeuratur
580 2978 699 3046 autem
726 2967 927 3046 iuramento
953 2990 997 3044 cr
1025 2990 1068 3044 eo
1086 2963 1182 3070 quod
1211 2977 1322 3043 testes

158 3090 350 3170 iuramenti
377 3092 577 3172 reverentia
605 3117 646 3171 ac
678 3094 802 3172 timore
831 3090 876 3170 ad
910 3089 1096 3170 veritatem
1129 3089 1324 3168 incitentur

159 3213 346 3294 dicendam
373 3215 427 3294 uti
464 3214 565 3296 docet
601 3213 789 3295 decretalis
822 3214 970 3294 Honorii
998 3217 1052 3294 ΙΙΙ
1082 3213 1155 3320 (3).
1178 3210 1324 3292 -Unde

159 3341 349 3420 iuramenti
377 3341 572 3420 necessitas
600 3339 805 3420 extenditur
834 3339 879 3418 ad
908 3364 1030 3418 omnes
1062 3351 1173 3419 testes
1201 3338 1322 3417 cuius·

158 3491 308 3573 cumque
336 3464 409 3544 sint
438 3465 623 3569 dignitatis
651 3477 687 3544 et
715 3463 955 3560 auctoritatis,
987 3463 1037 3542 ita
1065 3477 1106 3542 nt
1126 3463 1202 3542 sine
1222 3464 1319 3542 inra-

159 3605 277 3672 mento
308 3589 398 3670 nibil
430 3589 597 3697 probent,
628 3587 696 3668 etsi
724 3587 797 3666 sint
825 3587 960 3693 plures,
992 3599 1029 3666 et
1060 3587 1223 3690 quamvis
1261 3584 1323 3664 de·

159 3729 293 3822 ponant
316 3717 355 3794 in
381 3715 499 3795 causis
527 3712 741 3807 summariis,
773 3710 882 3791 sabis
909 3708 1199 3806 limitationibus,
1231 3731 1323 3814 quae

159 3871 183 3920 a
211 3841 282 3922 DI).
316 3855 548 3924 recensentur
576 3841 648 3950 (t).

229 4059 265 4133 tl)
286 4058 452 4116 Farinaeius
471 4073 486 4114 a
506 4055 647 4114 Leurenio
665 4055 769 4111 citatus
787 4052 863 4111 ibid.
882 4057 993 4125 quaeat.
1014 4055 1077 4110 ott.

234 4145 268 4219 (2)
288 4150 356 4218 Cap.
376 4160 471 4217 nuper
485 4149 530 4202 ot.
550 4159 613 4215 cap.
632 4140 836 4216 patermutio
856 4145 900 4198 47.
920 4155 982 4212 cap.
1002 4141 1036 4197 de
1059 4137 1179 4198 testibus
1196 4139 1240 4197 29.
1261 4149 1325 4210 cap.

159 4236 284 4306 tutata,
307 4237 341 4294 dc
359 4235 480 4294 testibus
497 4241 523 4292 et
552 4230 797 4292 attestationibru.
825 4261 843 4272 -
869 4231 888 4288 Ι.
908 4229 1123 4300 turotmmrot,
1151 4229 1171 4286 Ι.
1194 4229 1322 4296 testium,

154 4325 358 4488 eodtppcap·
379 4431 413 4472 a
432 4412 540 4472 litteris
557 4415 603 4482 tt,
623 4412 657 4468 de
673 4409 883 4470 iureiurando.

236 4501 271 4578 (4)
289 4505 425 4565 ttascard.
442 4504 570 4562 Furinae.
584 4502 662 4562 Pirb.
677 4508 705 4560 ot
717 4499 766 4558 alii
779 4499 855 4559 citati
867 4515 883 4557 a
894 4499 1035 4558 Leureuio
1049 4497 1126 4560 toto.
1139 4501 1249 4572 quoue.
1260 4499 1327 4558 oto.
