3444 5302
669 511 706 526 -.
729 480 766 542 {5
791 513 823 522 .-

168 625 249 680 cum
268 627 310 680 ea
329 616 456 710 sponte
485 601 628 682 domum
657 627 698 680 ac
727 615 843 681 torum
862 599 995 680 habeat
1018 621 1238 678 communem
1258 595 1333 700 (t).

168 726 225 804 lta
253 751 337 806 vero
364 751 456 804 novo
483 725 602 805 elicito
630 723 676 804 ad
704 723 968 804 matrimonium
991 745 1183 815 consensu,
1215 745 1338 798 serra-

168 848 287 954 tisque
306 849 351 930 de
370 851 448 929 iure
477 849 664 929 servandis
692 849 766 956 (Ξ),
798 849 829 929 si
849 847 1024 928 occultunt
1043 845 1336 952 impedimentum

168 975 301 1070 extitit,
324 999 468 1056 necesse
489 999 560 1054 non
578 976 648 1054 erit
666 999 792 1054 rursus
810 999 928 1054 coram
947 972 1101 1078 parocho
1124 997 1336 1050 consensum

168 1121 340 1178 renovare
367 1123 412 1177 ex
440 1099 617 1177 communi
649 1097 840 1192 doctrina,
875 1122 983 1202 quam
1011 1094 1228 1174 Benedictus
1255 1097 1336 1172 xlv

167 1221 333 1326 pluribus
360 1221 545 1302 confirmat
574 1219 649 1326 (3),
682 1221 743 1301 sed
773 1235 830 1300 sat
857 1222 925 1300 erit
952 1219 983 1297 si
1011 1218 1101 1296 clam
1129 1217 1224 1296 iuter
1251 1241 1337 1296 con-

166 1345 354 1424 trahentes
386 1346 516 1425 iterum
547 1344 725 1426 eliciatur.
755 1389 778 1404 -
806 1349 916 1424 Secus
944 1343 974 1421 si
1009 1340 1193 1446 poblicum
1221 1341 1337 1420 evasit

167 1466 474 1573 impedimentum.

248 1601 286 1670 6.
318 1597 482 1672 Ceterum
512 1617 629 1672 «cum
657 1592 809 1670 maxime
838 1589 1012 1668 nefarium
1040 1588 1088 1668 sit
1116 1587 1334 1666 matrimonii

169 1715 412 1796 «libertatem
441 1715 594 1810 violare,
625 1729 662 1796 et
689 1715 736 1794 ab
764 1715 816 1794 eis
844 1713 996 1793 iniurias
1024 1712 1123 1791 nasci
1153 1739 1173 1790 a
1201 1711 1335 1818 quibus

169 1871 187 1912 ‹
210 1839 288 1918 iura
308 1852 559 1944 expectantur,
582 1839 756 1944 praecipit
774 1835 1078 1944 sanctasynodus
1095 1835 1334 1940 (tridentina)

170 1993 186 2032 ‹
209 1959 375 2040 omnibus
403 1961 658 2068 cuiuscumque
678 1961 825 2066 gradus,
857 1960 1044 2064 dignitatis
1067 1971 1103 2038 et
1121 1959 1336 2038 conditionis

171 2085 382 2180 «existant,
413 2084 481 2164 sub
509 2085 749 2164 anathematis
777 2109 891 2192 poena
919 2109 1027 2188 quam
1054 2083 1132 2188 ipso
1156 2082 1249 2162 facto
1278 2083 1335 2160 in-

171 2237 188 2278 ‹
210 2221 371 2302 currant,
403 2233 447 2286 ne
467 2208 595 2314 quovis
620 2206 726 2288 modo
744 2207 878 2286 directe
898 2207 955 2285 vel
979 2205 1152 2286 indirecte
1172 2205 1335 2286 subditos

170 2353 294 2407 «suos
321 2330 377 2410 vel
405 2355 650 2437 quoscumque
687 2331 775 2410 alios
811 2343 966 2434 cogant,
1005 2330 1197 2435 quominus
1224 2329 1334 2408 iibere

170 2485 188 2525 a
210 2452 444 2532 matrimonia
462 2455 677 2536 contrahant
695 2485 713 2530 a
745 2457 818 2561 (d).
837 2499 861 2514 -
882 2458 935 2533 Ex
963 2479 1035 2559 quo
1064 2451 1206 2534 decreto
1223 2478 1337 2558 quae-

167 2575 247 2655 dam
274 2577 369 2657 scitu
397 2580 598 2659 necessaria
626 2579 917 2660 animadvertunt
944 2578 1104 2658 Sanchez
1132 2579 1207 2684 (5),
1238 2582 1334 2656 Leu-

170 2703 290 2781 renius
319 2701 378 2807 (6)
407 2702 554 2808 aliique.

236 2981 274 3054 (l)
294 2983 348 3040 cit.
368 2997 431 3055 cap.
451 2983 493 3041 od
511 2983 544 3040 id
563 2989 605 3051 24,
629 2983 807 3056 desperaret.
827 2991 852 3040 ct
871 2985 1076 3042 matrimonio.
1167 3049 1171 3060 ,

237 3071 270 3144 (2)
289 3071 337 3129 Cir
354 3072 496 3130 Benedicti
516 3075 576 3130 xiv
596 3073 689 3130 instit.
710 3073 755 3139 87,
774 3088 805 3128 a.
826 3073 861 3128 59
879 3079 905 3129 et
922 3087 997 3146 seqq.

231 3160 268 3232 (3)
288 3161 340 3218 cit.
360 3163 430 3218 inst.
449 3163 494 3228 et,
515 3177 564 3218 un.
584 3163 677 3230 tie-63,
697 3161 746 3218 ubi
762 3161 942 3232 distinguens
961 3161 1075 3218 occulte
1094 3175 1113 3216 a
1129 3159 1259 3234 publicis
1281 3160 1334 3214 im-

164 3247 346 3321 pedimentis,
368 3249 482 3307 scribit:
504 3271 518 3300 «
539 3251 568 3307 si
589 3249 806 3308 matrimonium
828 3249 941 3321 publice
960 3249 1063 3306 initum
1097 3255 1140 3305 est
1159 3261 1256 3304 coram
1286 3261 1332 3319 pa-

164 3362 179 3391 «
200 3342 287 3398 rocho
306 3348 334 3399 et
351 3342 464 3400 duobus
482 3342 613 3410 testiims,
633 3351 660 3400 et
678 3342 916 3415 impedimentum
936 3355 1054 3414 quoque
1069 3341 1185 3415 publice
1203 3342 1334 3400 innotue-

165 3451 180 3481 α
201 3431 250 3498 rit,
270 3431 345 3488 idem
366 3433 581 3490 matrimonium
596 3432 826 3490 ritecoutirmari
846 3431 955 3504 nequit,
976 3431 1032 3489 nisi
1052 3445 1211 3490 cousensus
1231 3433 1333 3488 iterum

164 3539 179 3568 ι
200 3531 296 3574 coram
323 3520 446 3590 parocho
470 3527 498 3576 et
523 3519 636 3577 duobus
661 3519 780 3576 testibus
808 3521 988 3591 praebeatur.
1016 3521 1118 3576 Contra
1145 3533 1214 3576 vero
1238 3525 1281 3575 est
1311 3518 1336 3574 si

157 3619 178 3656 ἰ
199 3607 417 3666 matrimonium
440 3609 613 3666 celebratum
633 3608 689 3666 iuit
711 3621 807 3666 coram
829 3609 952 3679 parocho
972 3614 999 3665 et
1017 3607 1132 3664 duobus
1152 3607 1287 3674 testibus,
1307 3613 1335 3664 et

165 3715 179 3742 κ
200 3694 438 3766 impedimentum
458 3697 597 3754 dirimens
615 3697 760 3754 mltum
784 3703 925 3754 servatur.
950 3699 1029 3754 Tunc
1055 3709 1148 3753 nevus
1175 3709 1335 3754 consensus

165 3804 180 3833 c
201 3791 276 3840 certe
294 3785 547 3855 praestandusne,
562 3785 611 3842 sed
629 3785 707 3844 ctam
733 3786 808 3842 iuter
827 3785 1037 3853 contrahentes,
1062 3799 1115 3840 nec
1140 3783 1266 3855 amplius
1286 3797 1334 3854 pa·

166 3891 181 3921 a
200 3871 306 3928 rochus
325 3872 439 3944 duoque
458 3879 543 3930 testes
564 3873 764 3945 requiruntur.
794 3875 870 3930 Haec
895 3873 933 3930 ita
960 3872 1087 3931 decrevit
1115 3871 1334 3944 poenitentiario

165 3979 180 4008 α
201 3960 230 4014 S.
250 3961 292 4016 Pii
311 3961 479 4018 auctoritate
498 3968 551 4018 ete.
574 3981 588 4012 a

235 4049 270 4121 (4]
289 4049 415 4107 Trident.
435 4065 499 4107 aces.
519 4057 563 4106 24.
584 4065 647 4122 cop.
669 4057 694 4108 9.
715 4051 748 4107 ote
766 4049 919 4123 reformat.
941 4049 1142 4108 matrimonii.

232 4137 269 4210 (5)
289 4141 423 4195 Sauenez.
444 4141 482 4196 De
499 4141 635 4196 matrim.
657 4140 709 4196 lib.
730 4145 756 4196 t.
777 4140 853 4212 disp.
875 4144 918 4196 22.
939 4155 992 4196 nn.
1012 4139 1068 4195 89.

233 4225 271 4298 (6)
291 4229 464 4285 Laureolus:
487 4231 597 4286 Forum
614 4228 766 4286 ecclesiast.
787 4227 838 4284 tib.
861 4235 886 4284 t.
907 4227 956 4285 tit.
977 4233 1001 4282 t.
1022 4233 1135 4299 quaest.
1157 4233 1202 4284 97.
