3456 5300
177 581 468 686 impedimentum
498 585 683 666 affinitatis
711 611 754 665 ex
789 587 914 694 copula
952 587 1140 666 fornicaria
1169 614 1232 668 seu
1269 591 1341 669 itti-

175 707 248 784 cita
278 709 482 786 restrictum
510 722 564 788 est
592 707 637 788 ad
666 711 855 790 secandam
883 709 1036 816 prodam
1064 711 1238 791 inclusive
1262 713 1278 820 (
1306 715 1335 818 ).

256 840 295 910 9.
326 831 492 912 Affinitas
520 859 563 912 ex
593 836 719 940 copula
740 835 863 915 illicita
884 833 929 914 ob
948 834 1097 913 eandem
1117 837 1289 916 rationem
1306 852 1342 916 et

177 955 270 1032 intra
299 953 452 1034 eundem
480 957 677 1036 secundum
707 957 854 1061 gradum
882 959 927 1038 ab
955 984 1063 1063 qnam
1091 959 1179 1038 etin
1198 985 1269 1065 quo
1289 959 1346 1040 di-

176 1080 272 1157 rimit
300 1080 579 1176 matrimonium,
611 1081 753 1160 dirimit
772 1081 879 1162 etiam
898 1081 1078 1188 sponsalia
1098 1084 1341 1164 contrahenda

177 1203 232 1281 vel
265 1218 448 1283 contracta
477 1205 520 1284 de
550 1204 670 1286 lutura
700 1206 772 1312 (ἢ).
805 1206 989 1312 Sponsalia
1019 1232 1172 1314 namque
1201 1207 1244 1286 de
1286 1207 1344 1286 lu-

182 1341 262 1406 turo
290 1343 375 1408 sunt
393 1329 603 1434 ‘futurarum
632 1331 838 1437 nuptiarum
867 1330 1067 1437 promissio.
1091 1331 1254 1412 Affinitas
1274 1360 1340 1412 au-

175 1465 248 1530 tem
268 1455 482 1558 proveniens
503 1481 546 1533 ex
566 1454 798 1534 fornicatione
814 1481 893 1533 cum
908 1480 1059 1560 sponsae
1074 1457 1339 1560 consanguinea

176 1577 214 1654 in
242 1577 356 1682 primo
384 1579 440 1657 vel
468 1577 625 1658 secundo
652 1577 765 1684 gradu
803 1577 953 1685 impedit
993 1580 1185 1684 quominus
1227 1584 1341 1688 possit

171 1703 348 1780 eiusmodi
381 1703 518 1809 impleri
548 1703 748 1809 promissio,
780 1729 860 1782 cum
888 1705 982 1782 inter
1010 1703 1136 1782 affines
1166 1709 1202 1782 in
1227 1703 1339 1807 gradu

173 1825 355 1930 prohibito
383 1827 544 1905 contrahi
573 1827 689 1906 valide
718 1840 873 1932 nequeat
894 1827 1172 1906 matrimonium.

257 1957 320 2029 10.
354 1953 460 2029 Porro
489 1977 531 2029 ex
561 1963 657 2029 certa
696 1951 851 2029 omnium
889 1951 1069 2028 sententia
1108 1938 1265 2030 affinitas
1303 1953 1339 2030 in

171 2071 268 2150 linea
297 2071 497 2152 collaterali
517 2099 580 2152 seu
601 2085 806 2152 transversa
825 2071 1089 2152 matrimonium
1109 2071 1245 2152 dirimit
1264 2073 1335 2152 solo

171 2195 348 2278 Ecclesiae
376 2197 466 2278 iare.
499 2199 762 2278 Matrimonium
782 2223 935 2301 namque
955 2197 1010 2275 vel
1032 2197 1066 2274 in
1084 2197 1204 2303 prlrao
1222 2199 1337 2280 lineae

170 2333 397 2400 transversae
427 2322 538 2426 gradu
568 2334 801 2415 contractum,
832 2321 967 2434 scilicet
985 2346 1065 2399 cum
1085 2347 1194 2400 uxore
1214 2321 1335 2401 fratris

169 2459 235 2524 aut
263 2472 342 2524 cum
374 2471 492 2526 sorore
521 2451 657 2541 uxoris,
694 2448 869 2550 quamvis,
916 2444 1080 2523 omnibus
1118 2443 1334 2542 latentibus,

173 2568 377 2648 naturalem
406 2569 586 2675 quandam
606 2567 825 2676 praeseferat
844 2565 1095 2662 indecentiam,
1120 2567 1169 2646 ita
1189 2582 1229 2648 ut
1249 2593 1340 2648 non-

171 2693 240 2771 nisi
271 2693 414 2798 urgenti
443 2687 550 2773 causa
579 2693 736 2800 permitti
765 2691 908 2788 debeat,
939 2691 1111 2770 eiusmodi
1141 2705 1260 2772 tamen
1281 2691 1338 2770 in-

170 2817 336 2898 decentia
365 2819 457 2898 tanti
486 2845 557 2898 nan
585 2830 639 2898 est
666 2817 849 2912 momenti,
881 2829 920 2894 ut
949 2815 993 2894 ob
1014 2817 1126 2922 ipsam
1146 2816 1336 2897 dicendum

173 2941 234 3036 sit,
266 2948 454 3021 ductorem
483 2957 647 3038 naturae,
679 2967 750 3046 qua
779 2941 900 3036 talem,
936 2939 1129 3042 denegasse
1168 2941 1338 3021 affinibus

168 3076 384 3168 potestatem
426 3063 659 3144 contrahendi
703 3067 795 3143 inter
838 3089 875 3142 se
917 3063 1179 3142 matrimonium
1209 3063 1283 3170 (3).
1312 3111 1337 3125 -

170 3187 341 3268 Pluribus
383 3203 501 3268 autem
544 3191 763 3294 argumentis
803 3188 839 3268 id
877 3193 1044 3267 Doctores
1082 3187 1249 3294 probant.
1291 3195 1336 3270 tt

167 3308 302 3412 laetum
332 3311 486 3392 sufficiat
515 3339 738 3393 romanorum
767 3312 991 3422 Pontificum,
1037 3314 1099 3416 qui
1142 3313 1178 3389 in
1220 3314 1333 3418 primo

165 3433 357 3513 affinitatis
395 3435 507 3538 gradu
548 3437 663 3516 lineae
704 3449 928 3516 transversae
971 3438 1102 3540 passim
1145 3433 1334 3540 dispensa-

167 3571 255 3635 runt
284 3557 359 3664 (i).

238 3753 273 3824 [lt
293 3755 399 3812 concil.
421 3756 496 3812 Trid.
516 3772 580 3813 sess.
602 3763 647 3811 24.
668 3771 731 3830 rap.
753 3763 778 3812 i.
798 3757 831 3814 dc
848 3757 1002 3828 reformat.
1022 3755 1158 3813 matrim.

237 3841 270 3913 li)
291 3844 418 3900 Sauchez
439 3843 489 3900 tit.
511 3849 536 3901 7.
559 3845 634 3916 disp.
655 3851 699 3901 67.
714 3861 744 3901 a.
767 3850 798 3904 tr
814 3877 830 3886 -
844 3851 871 3901 et
884 3859 920 3901 ex
934 3859 966 3901 eo
979 3843 1097 3916 Pirhing
1112 3843 1162 3900 tib.
1181 3850 1206 3898 t.
1221 3845 1269 3902 tit.
1287 3849 1330 3901 it.

164 3931 199 3987 dr
217 3945 247 3987 eo
265 3933 320 4004 pai
338 3948 456 4004 capace.
476 3947 508 3990 a.
529 3939 573 3990 ai.

235 4019 269 4092 (3]
290 4022 416 4078 Sanchez
438 4021 490 4079 tit.
511 4027 537 4079 ⁷.
558 4023 633 4095 disp.
655 4029 701 4080 aa.
720 4038 751 4079 a.
774 4027 805 4078 tt
826 4035 890 4080 cum
910 4023 1069 4079 communi.

236 4107 269 4180 (ti
290 4111 382 4176 Quum
402 4109 493 4168 Iulius
513 4113 540 4168 11
559 4111 768 4183 dispensaverit
794 4125 859 4166 enm
878 4109 1001 4166 itenrioo
1026 4113 1090 4166 rin
1114 4111 1234 4183 nuptiae
1252 4125 1330 4182 rege,

163 4205 197 4254 ut
215 4197 331 4255 duceret
350 4200 543 4268 catharinam,
563 4215 636 4272 qnae
662 4199 755 4256 fuerat
778 4201 876 4256 Arturi
896 4199 993 4256 {ratris
1012 4213 1097 4266 uxor,
1124 4201 1274 4268 Heurions,
1295 4199 1331 4257 ad

162 4301 252 4357 prava
272 4287 338 4344 dein
358 4287 475 4344 consilia
496 4287 643 4360 capienda,
663 4289 796 4356 asseruit,
817 4301 902 4344 sunm
915 4299 980 4344 cum
995 4288 1146 4344 catharina
1162 4287 1330 4359 coniugium

161 4375 233 4432 iare
250 4383 379 4434 natarat
398 4377 513 4434 irritum
533 4376 622 4434 luisse
634 4377 670 4434 ab
684 4377 850 4433 affinitatem
863 4389 949 4446 quem
962 4389 1026 4432 cum
1039 4391 1071 4432 eu
1087 4375 1116 4431 in
1131 4376 1223 4446 primo
1238 4375 1332 4448 gradu

163 4470 230 4519 ante
248 4465 364 4535 nuptias
384 4463 515 4532 habenae
537 4479 569 4520 ac
588 4463 651 4521 ideo
672 4465 786 4522 inanem
806 4465 893 4521 luisse
912 4464 1056 4521 Pontificis
1075 4463 1333 4536 dispensationem,
