<?xml version="1.0" encoding="UTF-8"?>
<!DOCTYPE html PUBLIC "-//W3C//DTD XHTML 1.0 Transitional//EN"
    "http://www.w3.org/TR/xhtml1/DTD/xhtml1-transitional.dtd">
<html xmlns="http://www.w3.org/1999/xhtml" xml:lang="en" lang="en">
 <head>
  <title>
</title>
<meta http-equiv="Content-Type" content="text/html;charset=utf-8" />
  <meta name='ocr-system' content='tesseract 3.04.00' />
  <meta name='ocr-capabilities' content='ocr_page ocr_carea ocr_par ocr_line ocrx_word'/>
</head>
<body>
  <div class='ocr_page' id='page_1' title='image "./deimpedimentism00mansgoog_0055.png"; bbox 0 0 3444 5302; ppageno 0'>
   <div class='ocr_carea' id='block_1_1' title="bbox 420 619 1591 854">
    <p class='ocr_par' dir='ltr' id='par_1_1' title="bbox 420 619 1591 854">
     <span class='ocr_line' id='line_1_1' title="bbox 420 619 1590 730; baseline -0.003 -26"><span class='ocrx_word' id='word_1_1' title='bbox 420 625 536 730; x_wconf 90' lang='lat' dir='ltr'>ponit,</span> <span class='ocrx_word' id='word_1_2' title='bbox 566 627 616 704; x_wconf 89' lang='lat' dir='ltr'>ita</span> <span class='ocrx_word' id='word_1_3' title='bbox 646 640 687 704; x_wconf 90' lang='lat' dir='ltr'>ut</span> <span class='ocrx_word' id='word_1_4' title='bbox 714 623 919 704; x_wconf 79' lang='lat' dir='ltr'>inauditum</span> <span class='ocrx_word' id='word_1_5' title='bbox 938 637 975 702; x_wconf 90' lang='lat' dir='ltr'>et</span> <span class='ocrx_word' id='word_1_6' title='bbox 997 647 1126 701; x_wconf 84' lang='lat' dir='ltr'>novom</span> <span class='ocrx_word' id='word_1_7' title='bbox 1146 633 1248 699; x_wconf 87' lang='lat' dir='ltr'>vocet</span> <span class='ocrx_word' id='word_1_8' title='bbox 1266 643 1419 698; x_wconf 84' lang='lat' dir='ltr'>errorem</span> <span class='ocrx_word' id='word_1_9' title='bbox 1448 619 1590 700; x_wconf 88' lang='lat' dir='ltr'>illorum</span> 
     </span>
     <span class='ocr_line' id='line_1_2' title="bbox 421 741 1591 854; baseline -0.003 -28"><span class='ocrx_word' id='word_1_10' title='bbox 421 747 484 854; x_wconf 84' lang='lat' dir='ltr'>qui</span> <span class='ocrx_word' id='word_1_11' title='bbox 514 773 697 851; x_wconf 91' lang='lat' dir='ltr'>germanos</span> <span class='ocrx_word' id='word_1_12' title='bbox 725 749 854 828; x_wconf 88' lang='lat' dir='ltr'>iratres</span> <span class='ocrx_word' id='word_1_13' title='bbox 881 749 919 826; x_wconf 93' lang='lat' dir='ltr'>in</span> <span class='ocrx_word' id='word_1_14' title='bbox 947 745 1103 826; x_wconf 90' lang='lat' dir='ltr'>secunda</span> <span class='ocrx_word' id='word_1_15' title='bbox 1133 741 1360 848; x_wconf 79' lang='lat' dir='ltr'>generatione</span> <span class='ocrx_word' id='word_1_16' title='bbox 1388 769 1465 822; x_wconf 89' lang='lat' dir='ltr'>esse</span> <span class='ocrx_word' id='word_1_17' title='bbox 1490 769 1591 824; x_wconf 91' lang='lat' dir='ltr'>asse-</span> 
     </span>
    </p>
   </div>
   <div class='ocr_carea' id='block_1_2' title="bbox 418 865 1706 1226">
    <p class='ocr_par' dir='ltr' id='par_1_2' title="bbox 418 865 1706 1226">
     <span class='ocr_line' id='line_1_3' title="bbox 420 865 1706 978; baseline -0.004 -29"><span class='ocrx_word' id='word_1_18' title='bbox 420 886 548 951; x_wconf 83' lang='lat' dir='ltr'>verant</span> <span class='ocrx_word' id='word_1_19' title='bbox 575 872 648 978; x_wconf 80' lang='lat' dir='ltr'>(t).</span> <span class='ocrx_word' id='word_1_20' title='bbox 672 918 696 932; x_wconf 95' lang='lat'>-</span> <span class='ocrx_word' id='word_1_21' title='bbox 715 876 757 950; x_wconf 93' lang='lat' dir='ltr'>in</span> <span class='ocrx_word' id='word_1_22' title='bbox 778 872 845 950; x_wconf 87' lang='lat' dir='ltr'>hae</span> <span class='ocrx_word' id='word_1_23' title='bbox 858 886 978 950; x_wconf 89' lang='lat' dir='ltr'>autem</span> <span class='ocrx_word' id='word_1_24' title='bbox 1006 868 1178 962; x_wconf 75' lang='lat' dir='ltr'>Ecclesia,</span> <span class='ocrx_word' id='word_1_25' title='bbox 1196 867 1287 945; x_wconf 89' lang='lat' dir='ltr'>ratio</span> <span class='ocrx_word' id='word_1_26' title='bbox 1306 865 1475 944; x_wconf 91' lang='lat' dir='ltr'>canonica</span> <span class='ocrx_word' id='word_1_27' title='bbox 1494 891 1591 947; x_wconf 87' lang='lat' dir='ltr'>com·</span> <span class='ocrx_word' id='word_1_28' title='bbox 1705 909 1706 912; x_wconf 14' lang='grc' dir='ltr'><strong><em>κ</em></strong></span> 
     </span>
     <span class='ocr_line' id='line_1_4' title="bbox 418 993 1585 1101; baseline -0.004 -27"><span class='ocrx_word' id='word_1_29' title='bbox 418 995 659 1101; x_wconf 91' lang='lat' dir='ltr'>putandorum</span> <span class='ocrx_word' id='word_1_30' title='bbox 687 994 862 1100; x_wconf 91' lang='lat' dir='ltr'>graduum</span> <span class='ocrx_word' id='word_1_31' title='bbox 890 995 1028 1075; x_wconf 87' lang='lat' dir='ltr'>obtinet</span> <span class='ocrx_word' id='word_1_32' title='bbox 1046 1021 1087 1072; x_wconf 91' lang='lat' dir='ltr'>ao</span> <span class='ocrx_word' id='word_1_33' title='bbox 1107 993 1270 1095; x_wconf 82' lang='lat' dir='ltr'>religiose</span> <span class='ocrx_word' id='word_1_34' title='bbox 1289 1003 1453 1069; x_wconf 88' lang='lat' dir='ltr'>servatur</span> <span class='ocrx_word' id='word_1_35' title='bbox 1467 993 1585 1098; x_wconf 92' lang='lat' dir='ltr'>quoad</span> 
     </span>
     <span class='ocr_line' id='line_1_5' title="bbox 420 1113 1706 1226; baseline -0.005 -27"><span class='ocrx_word' id='word_1_36' title='bbox 420 1121 644 1200; x_wconf 91' lang='lat' dir='ltr'>matrimonia</span> <span class='ocrx_word' id='word_1_37' title='bbox 673 1120 848 1215; x_wconf 83' lang='lat' dir='ltr'>fidelium3</span> <span class='ocrx_word' id='word_1_38' title='bbox 872 1135 909 1200; x_wconf 89' lang='lat' dir='ltr'>at</span> <span class='ocrx_word' id='word_1_39' title='bbox 929 1119 1048 1226; x_wconf 86' lang='lat' dir='ltr'>quoad</span> <span class='ocrx_word' id='word_1_40' title='bbox 1067 1117 1309 1198; x_wconf 78' lang='lat' dir='ltr'>successiones</span> <span class='ocrx_word' id='word_1_41' title='bbox 1329 1113 1592 1194; x_wconf 85' lang='lat' dir='ltr'>haereditarias</span> <span class='ocrx_word' id='word_1_42' title='bbox 1705 1153 1706 1202; x_wconf 72' lang='lat' dir='ltr'>t</span> 
     </span>
    </p>
   </div>
   <div class='ocr_carea' id='block_1_3' title="bbox 419 1238 1588 1474">
    <p class='ocr_par' dir='ltr' id='par_1_3' title="bbox 419 1238 1588 1474">
     <span class='ocr_line' id='line_1_6' title="bbox 419 1238 1366 1346; baseline -0.005 -24"><span class='ocrx_word' id='word_1_43' title='bbox 419 1241 537 1323; x_wconf 88' lang='lat' dir='ltr'>adhue</span> <span class='ocrx_word' id='word_1_44' title='bbox 565 1270 608 1322; x_wconf 88' lang='lat' dir='ltr'>ex</span> <span class='ocrx_word' id='word_1_45' title='bbox 638 1245 715 1324; x_wconf 85' lang='lat' dir='ltr'>iure</span> <span class='ocrx_word' id='word_1_46' title='bbox 743 1243 839 1322; x_wconf 86' lang='lat' dir='ltr'>civili</span> <span class='ocrx_word' id='word_1_47' title='bbox 868 1243 1000 1346; x_wconf 91' lang='lat' dir='ltr'>gradus</span> <span class='ocrx_word' id='word_1_48' title='bbox 1028 1245 1265 1322; x_wconf 87' lang='lat' dir='ltr'>aestimantur</span> <span class='ocrx_word' id='word_1_49' title='bbox 1293 1238 1366 1345; x_wconf 67' lang='grc' dir='ltr'><strong>(Ξ).</strong></span> 
     </span>
     <span class='ocr_line' id='line_1_7' title="bbox 497 1361 1588 1474; baseline -0.007 -26"><span class='ocrx_word' id='word_1_50' title='bbox 497 1379 534 1448; x_wconf 90' lang='grc'>5.</span> <span class='ocrx_word' id='word_1_51' title='bbox 567 1372 641 1446; x_wconf 91' lang='lat' dir='ltr'>iam</span> <span class='ocrx_word' id='word_1_52' title='bbox 675 1394 757 1447; x_wconf 86' lang='lat' dir='ltr'>vcro</span> <span class='ocrx_word' id='word_1_53' title='bbox 785 1384 826 1447; x_wconf 91' lang='lat' dir='ltr'>ut</span> <span class='ocrx_word' id='word_1_54' title='bbox 854 1369 1090 1474; x_wconf 88' lang='lat' dir='ltr'>perspiciatur</span> <span class='ocrx_word' id='word_1_55' title='bbox 1118 1365 1164 1445; x_wconf 89' lang='lat' dir='ltr'>ad</span> <span class='ocrx_word' id='word_1_56' title='bbox 1192 1379 1341 1473; x_wconf 91' lang='lat' dir='ltr'>quotum</span> <span class='ocrx_word' id='word_1_57' title='bbox 1364 1361 1588 1468; x_wconf 77' lang='lat' dir='ltr'>cognitionis</span> 
     </span>
    </p>
   </div>
   <div class='ocr_carea' id='block_1_4' title="bbox 420 1491 1706 1598">
    <p class='ocr_par' dir='ltr' id='par_1_4' title="bbox 420 1491 1706 1598">
     <span class='ocr_line' id='line_1_8' title="bbox 420 1491 1706 1598; baseline -0.002 -28"><span class='ocrx_word' id='word_1_58' title='bbox 420 1491 568 1596; x_wconf 91' lang='lat' dir='ltr'>gradum</span> <span class='ocrx_word' id='word_1_59' title='bbox 597 1491 813 1571; x_wconf 83' lang='lat' dir='ltr'>extendatur</span> <span class='ocrx_word' id='word_1_60' title='bbox 850 1491 1142 1598; x_wconf 85' lang='lat' dir='ltr'>impedimentum</span> <span class='ocrx_word' id='word_1_61' title='bbox 1180 1491 1519 1595; x_wconf 80' lang='lat' dir='ltr'>consanguinitatis,</span> <span class='ocrx_word' id='word_1_62' title='bbox 1550 1503 1587 1569; x_wconf 92' lang='lat' dir='ltr'>et</span> <span class='ocrx_word' id='word_1_63' title='bbox 1705 1491 1706 1536; x_wconf 66' lang='lat'>¹</span> 
     </span>
    </p>
   </div>
   <div class='ocr_carea' id='block_1_5' title="bbox 418 1613 1545 1720">
    <p class='ocr_par' dir='ltr' id='par_1_5' title="bbox 418 1613 1545 1720">
     <span class='ocr_line' id='line_1_9' title="bbox 418 1613 1545 1720; baseline -0.002 -28"><span class='ocrx_word' id='word_1_64' title='bbox 418 1639 489 1720; x_wconf 92' lang='lat' dir='ltr'>quo</span> <span class='ocrx_word' id='word_1_65' title='bbox 518 1614 594 1692; x_wconf 91' lang='lat' dir='ltr'>iure</span> <span class='ocrx_word' id='word_1_66' title='bbox 623 1615 888 1694; x_wconf 85' lang='lat' dir='ltr'>matrimonium</span> <span class='ocrx_word' id='word_1_67' title='bbox 916 1615 1073 1710; x_wconf 91' lang='lat' dir='ltr'>dirimat,</span> <span class='ocrx_word' id='word_1_68' title='bbox 1105 1617 1194 1695; x_wconf 89' lang='lat' dir='ltr'>haee</span> <span class='ocrx_word' id='word_1_69' title='bbox 1222 1613 1414 1694; x_wconf 88' lang='lat' dir='ltr'>statuenda</span> <span class='ocrx_word' id='word_1_70' title='bbox 1443 1627 1545 1692; x_wconf 90' lang='lat' dir='ltr'>sunt:</span> 
     </span>
    </p>
   </div>
   <div class='ocr_carea' id='block_1_6' title="bbox 500 1737 1706 1842">
    <p class='ocr_par' dir='ltr' id='par_1_6' title="bbox 500 1737 1706 1842">
     <span class='ocr_line' id='line_1_10' title="bbox 500 1737 1706 1842; baseline 0.001 -27"><span class='ocrx_word' id='word_1_71' title='bbox 500 1745 538 1816; x_wconf 87' lang='lat'>6.</span> <span class='ocrx_word' id='word_1_72' title='bbox 572 1737 759 1816; x_wconf 84' lang='lat' dir='ltr'>Primum:</span> <span class='ocrx_word' id='word_1_73' title='bbox 789 1740 1087 1842; x_wconf 74' lang='lat' dir='ltr'>consanguinitas</span> <span class='ocrx_word' id='word_1_74' title='bbox 1110 1740 1148 1818; x_wconf 90' lang='lat' dir='ltr'>iu</span> <span class='ocrx_word' id='word_1_75' title='bbox 1166 1739 1262 1820; x_wconf 80' lang='lat' dir='ltr'>lineo</span> <span class='ocrx_word' id='word_1_76' title='bbox 1282 1749 1378 1819; x_wconf 87' lang='lat' dir='ltr'>recto</span> <span class='ocrx_word' id='word_1_77' title='bbox 1404 1739 1589 1817; x_wconf 88' lang='lat' dir='ltr'>matrimo-</span> <span class='ocrx_word' id='word_1_78' title='bbox 1705 1825 1706 1836; x_wconf 16' lang='lat' dir='ltr'>g</span> 
     </span>
    </p>
   </div>
   <div class='ocr_carea' id='block_1_7' title="bbox 421 1861 1706 3068">
    <p class='ocr_par' dir='ltr' id='par_1_7' title="bbox 421 1843 1706 2460">
     <span class='ocr_line' id='line_1_11' title="bbox 421 1861 1588 1970; baseline 0.001 -31"><span class='ocrx_word' id='word_1_79' title='bbox 421 1862 519 1940; x_wconf 93' lang='lat' dir='ltr'>nium</span> <span class='ocrx_word' id='word_1_80' title='bbox 548 1861 682 1940; x_wconf 88' lang='lat' dir='ltr'>dirimit</span> <span class='ocrx_word' id='word_1_81' title='bbox 710 1861 906 1966; x_wconf 73' lang='lat' dir='ltr'>indefinite,</span> <span class='ocrx_word' id='word_1_82' title='bbox 935 1863 1071 1942; x_wconf 87' lang='lat' dir='ltr'>scilicet</span> <span class='ocrx_word' id='word_1_83' title='bbox 1098 1878 1360 1970; x_wconf 88' lang='lat' dir='ltr'>quotocumque</span> <span class='ocrx_word' id='word_1_84' title='bbox 1388 1863 1443 1942; x_wconf 88' lang='lat' dir='ltr'>vel</span> <span class='ocrx_word' id='word_1_85' title='bbox 1471 1887 1588 1941; x_wconf 88' lang='lat' dir='ltr'>remo-</span> 
     </span>
     <span class='ocr_line' id='line_1_12' title="bbox 421 1985 1582 2093; baseline -0.001 -28"><span class='ocrx_word' id='word_1_86' title='bbox 421 1987 556 2066; x_wconf 89' lang='lat' dir='ltr'>tissimo</span> <span class='ocrx_word' id='word_1_87' title='bbox 585 1985 697 2090; x_wconf 86' lang='lat' dir='ltr'>gradu</span> <span class='ocrx_word' id='word_1_88' title='bbox 726 1987 820 2065; x_wconf 88' lang='lat' dir='ltr'>inter</span> <span class='ocrx_word' id='word_1_89' title='bbox 847 2013 885 2066; x_wconf 92' lang='lat' dir='ltr'>se</span> <span class='ocrx_word' id='word_1_90' title='bbox 913 1987 1047 2068; x_wconf 91' lang='lat' dir='ltr'>distent</span> <span class='ocrx_word' id='word_1_91' title='bbox 1076 2002 1287 2092; x_wconf 89' lang='lat' dir='ltr'>generantes</span> <span class='ocrx_word' id='word_1_92' title='bbox 1305 2001 1341 2066; x_wconf 93' lang='lat' dir='ltr'>et</span> <span class='ocrx_word' id='word_1_93' title='bbox 1369 1987 1479 2090; x_wconf 90' lang='lat' dir='ltr'>geniti</span> <span class='ocrx_word' id='word_1_94' title='bbox 1507 1987 1523 2093; x_wconf 94' lang='lat'>(</span> <span class='ocrx_word' id='word_1_95' title='bbox 1551 1988 1582 2089; x_wconf 71' lang='lat' dir='ltr'>i.</span> 
     </span>
     <span class='ocr_line' id='line_1_13' title="bbox 421 2111 1584 2218; baseline -0.001 -29"><span class='ocrx_word' id='word_1_96' title='bbox 421 2113 557 2189; x_wconf 88' lang='lat' dir='ltr'>Natura</span> <span class='ocrx_word' id='word_1_97' title='bbox 586 2111 744 2190; x_wconf 86' lang='lat' dir='ltr'>animab</span> <span class='ocrx_word' id='word_1_98' title='bbox 764 2111 967 2195; x_wconf 90' lang='lat' dir='ltr'>huiusmodi</span> <span class='ocrx_word' id='word_1_99' title='bbox 987 2115 1123 2218; x_wconf 91' lang='lat' dir='ltr'>nuptiis</span> <span class='ocrx_word' id='word_1_100' title='bbox 1143 2113 1389 2207; x_wconf 86' lang='lat' dir='ltr'>abhorremus,</span> <span class='ocrx_word' id='word_1_101' title='bbox 1411 2126 1448 2191; x_wconf 90' lang='lat' dir='ltr'>et</span> <span class='ocrx_word' id='word_1_102' title='bbox 1467 2111 1584 2190; x_wconf 84' lang='lat' dir='ltr'>officia</span> 
     </span>
     <span class='ocr_line' id='line_1_14' title="bbox 423 2235 1585 2342; baseline -0.001 -29"><span class='ocrx_word' id='word_1_103' title='bbox 423 2239 613 2338; x_wconf 92' lang='lat' dir='ltr'>coniugum</span> <span class='ocrx_word' id='word_1_104' title='bbox 641 2261 712 2315; x_wconf 92' lang='lat' dir='ltr'>non</span> <span class='ocrx_word' id='word_1_105' title='bbox 740 2235 830 2315; x_wconf 92' lang='lat' dir='ltr'>bene</span> <span class='ocrx_word' id='word_1_106' title='bbox 858 2249 1058 2340; x_wconf 89' lang='lat' dir='ltr'>congruunt</span> <span class='ocrx_word' id='word_1_107' title='bbox 1089 2263 1168 2315; x_wconf 92' lang='lat' dir='ltr'>cum</span> <span class='ocrx_word' id='word_1_108' title='bbox 1188 2239 1327 2332; x_wconf 88' lang='lat' dir='ltr'>officiis,</span> <span class='ocrx_word' id='word_1_109' title='bbox 1358 2260 1449 2342; x_wconf 88' lang='lat' dir='ltr'>quae</span> <span class='ocrx_word' id='word_1_110' title='bbox 1481 2235 1585 2314; x_wconf 90' lang='lat' dir='ltr'>liberi</span> 
     </span>
     <span class='ocr_line' id='line_1_15' title="bbox 424 2355 1083 2460; baseline 0.002 -28"><span class='ocrx_word' id='word_1_111' title='bbox 424 2355 634 2459; x_wconf 89' lang='lat' dir='ltr'>parentibus</span> <span class='ocrx_word' id='word_1_112' title='bbox 665 2356 819 2434; x_wconf 89' lang='lat' dir='ltr'>tribuere</span> <span class='ocrx_word' id='word_1_113' title='bbox 848 2355 980 2435; x_wconf 90' lang='lat' dir='ltr'>debent</span> <span class='ocrx_word' id='word_1_114' title='bbox 1009 2357 1024 2460; x_wconf 90' lang='lat'>(</span> <span class='ocrx_word' id='word_1_115' title='bbox 1053 2357 1083 2459; x_wconf 87' lang='lat'>).</span> 
     </span>
    </p>

    <p class='ocr_par' dir='ltr' id='par_1_8' title="bbox 421 2479 1706 3090">
     <span class='ocr_line' id='line_1_16' title="bbox 503 2479 1706 2586; baseline -0.002 -27"><span class='ocrx_word' id='word_1_116' title='bbox 503 2479 721 2560; x_wconf 82' lang='lat' dir='ltr'>Secundum:</span> <span class='ocrx_word' id='word_1_117' title='bbox 751 2481 1048 2586; x_wconf 67' lang='lat' dir='ltr'>consanguinitas</span> <span class='ocrx_word' id='word_1_118' title='bbox 1080 2481 1117 2559; x_wconf 94' lang='lat' dir='ltr'>in</span> <span class='ocrx_word' id='word_1_119' title='bbox 1145 2479 1240 2559; x_wconf 85' lang='lat' dir='ltr'>linco</span> <span class='ocrx_word' id='word_1_120' title='bbox 1275 2493 1480 2559; x_wconf 86' lang='lat' dir='ltr'>transverso</span> <span class='ocrx_word' id='word_1_121' title='bbox 1507 2505 1592 2559; x_wconf 73' lang='lat' dir='ltr'>ma-</span> <span class='ocrx_word' id='word_1_122' title='bbox 1705 2481 1706 2576; x_wconf 78' lang='lat' dir='ltr'><strong>j</strong></span> 
     </span>
     <span class='ocr_line' id='line_1_17' title="bbox 421 2599 1585 2708; baseline 0.002 -29"><span class='ocrx_word' id='word_1_123' title='bbox 421 2599 626 2680; x_wconf 89' lang='lat' dir='ltr'>trimonium</span> <span class='ocrx_word' id='word_1_124' title='bbox 654 2601 789 2681; x_wconf 90' lang='lat' dir='ltr'>dirimit</span> <span class='ocrx_word' id='word_1_125' title='bbox 808 2627 921 2708; x_wconf 90' lang='lat' dir='ltr'>usque</span> <span class='ocrx_word' id='word_1_126' title='bbox 936 2601 984 2681; x_wconf 88' lang='lat' dir='ltr'>od</span> <span class='ocrx_word' id='word_1_127' title='bbox 999 2614 1167 2708; x_wconf 84' lang='lat' dir='ltr'>quartum</span> <span class='ocrx_word' id='word_1_128' title='bbox 1185 2603 1356 2707; x_wconf 75' lang='lat' dir='ltr'>grodom,</span> <span class='ocrx_word' id='word_1_129' title='bbox 1377 2601 1489 2706; x_wconf 91' lang='lat' dir='ltr'>gradu</span> <span class='ocrx_word' id='word_1_130' title='bbox 1508 2605 1585 2706; x_wconf 91' lang='lat' dir='ltr'>ipso</span> 
     </span>
     <span class='ocr_line' id='line_1_18' title="bbox 423 2717 1585 2827; baseline -0.001 -29"><span class='ocrx_word' id='word_1_131' title='bbox 423 2717 690 2825; x_wconf 86' lang='lat' dir='ltr'>comprehenso,</span> <span class='ocrx_word' id='word_1_132' title='bbox 723 2735 759 2800; x_wconf 91' lang='lat' dir='ltr'>et</span> <span class='ocrx_word' id='word_1_133' title='bbox 788 2745 858 2798; x_wconf 94' lang='lat' dir='ltr'>non</span> <span class='ocrx_word' id='word_1_134' title='bbox 886 2720 995 2800; x_wconf 88' lang='lat' dir='ltr'>ultra.</span> <span class='ocrx_word' id='word_1_135' title='bbox 1027 2721 1303 2827; x_wconf 67' lang='lat' dir='ltr'>Siquidem‘oum</span> <span class='ocrx_word' id='word_1_136' title='bbox 1322 2721 1403 2800; x_wconf 93' lang='lat' dir='ltr'>olim</span> <span class='ocrx_word' id='word_1_137' title='bbox 1432 2745 1585 2799; x_wconf 89' lang='lat' dir='ltr'>oousan·</span> 
     </span>
     <span class='ocr_line' id='line_1_19' title="bbox 424 2825 1706 2947; baseline -0.002 -28"><span class='ocrx_word' id='word_1_138' title='bbox 424 2841 582 2943; x_wconf 89' lang='lat' dir='ltr'>guinitas</span> <span class='ocrx_word' id='word_1_139' title='bbox 610 2839 792 2921; x_wconf 89' lang='lat' dir='ltr'>dirimeret</span> <span class='ocrx_word' id='word_1_140' title='bbox 818 2841 1081 2921; x_wconf 86' lang='lat' dir='ltr'>matrimonium</span> <span class='ocrx_word' id='word_1_141' title='bbox 1109 2867 1223 2947; x_wconf 87' lang='lat' dir='ltr'>usque</span> <span class='ocrx_word' id='word_1_142' title='bbox 1251 2841 1296 2920; x_wconf 90' lang='lat' dir='ltr'>ad</span> <span class='ocrx_word' id='word_1_143' title='bbox 1311 2841 1499 2946; x_wconf 89' lang='lat' dir='ltr'>septimum</span> <span class='ocrx_word' id='word_1_144' title='bbox 1528 2839 1585 2917; x_wconf 90' lang='lat' dir='ltr'>in·</span> <span class='ocrx_word' id='word_1_145' title='bbox 1705 2825 1706 2866; x_wconf 60' lang='lat'><em>³</em></span> 
     </span>
     <span class='ocr_line' id='line_1_20' title="bbox 422 2960 1592 3068; baseline -0.002 -30"><span class='ocrx_word' id='word_1_146' title='bbox 422 2960 556 3040; x_wconf 87' lang='lat' dir='ltr'>clusive</span> <span class='ocrx_word' id='word_1_147' title='bbox 585 2961 733 3065; x_wconf 92' lang='lat' dir='ltr'>gradum</span> <span class='ocrx_word' id='word_1_148' title='bbox 760 2961 877 3041; x_wconf 90' lang='lat' dir='ltr'>lineae</span> <span class='ocrx_word' id='word_1_149' title='bbox 906 2975 1143 3058; x_wconf 87' lang='lat' dir='ltr'>transversae,</span> <span class='ocrx_word' id='word_1_150' title='bbox 1179 2961 1403 3068; x_wconf 91' lang='lat' dir='ltr'>postmodum</span> <span class='ocrx_word' id='word_1_151' title='bbox 1431 2961 1467 3038; x_wconf 92' lang='lat' dir='ltr'>in</span> <span class='ocrx_word' id='word_1_152' title='bbox 1495 2962 1592 3038; x_wconf 80' lang='lat' dir='ltr'>Con·</span> 
     </span>
    </p>
   </div>
   <div class='ocr_carea' id='block_1_8' title="bbox 419 3147 1706 3754">
    <p class='ocr_par' dir='ltr' id='par_1_9' title="bbox 426 3147 1706 3316">
     <span class='ocr_line' id='line_1_21' title="bbox 489 3147 1706 3228; baseline -0.004 -16"><span class='ocrx_word' id='word_1_153' title='bbox 489 3155 529 3226; x_wconf 85' lang='grc'>(1)</span> <span class='ocrx_word' id='word_1_154' title='bbox 540 3156 1255 3228; x_wconf 77' lang='lat' dir='ltr'>ctrPaoo-Sziitigyitoo-cit.pog.ttt;-etloannis</span> <span class='ocrx_word' id='word_1_155' title='bbox 1269 3154 1365 3212; x_wconf 86' lang='lat' dir='ltr'>[tereti</span> <span class='ocrx_word' id='word_1_156' title='bbox 1376 3151 1583 3212; x_wconf 75' lang='lat' dir='ltr'>Ineteononio.</span> <span class='ocrx_word' id='word_1_157' title='bbox 1705 3147 1706 3220; x_wconf 65' lang='lat'>,</span> 
     </span>
     <span class='ocr_line' id='line_1_22' title="bbox 426 3229 1706 3316; baseline 0 -20"><span class='ocrx_word' id='word_1_158' title='bbox 426 3241 478 3297; x_wconf 86' lang='lat' dir='ltr'>tto.</span> <span class='ocrx_word' id='word_1_159' title='bbox 499 3247 523 3299; x_wconf 75' lang='lat'>2.</span> <span class='ocrx_word' id='word_1_160' title='bbox 546 3247 592 3301; x_wconf 87' lang='lat' dir='ltr'>tit.</span> <span class='ocrx_word' id='word_1_161' title='bbox 612 3249 639 3300; x_wconf 81' lang='lat'>2.</span> <span class='ocrx_word' id='word_1_162' title='bbox 659 3252 723 3302; x_wconf 83' lang='lat' dir='ltr'>sect.</span> <span class='ocrx_word' id='word_1_163' title='bbox 745 3253 771 3301; x_wconf 85' lang='lat'>9.</span> <span class='ocrx_word' id='word_1_164' title='bbox 781 3245 812 3316; x_wconf 69' lang='lat' dir='ltr'>S.</span> <span class='ocrx_word' id='word_1_165' title='bbox 829 3251 888 3301; x_wconf 76' lang='lat' dir='ltr'>tot.</span> <span class='ocrx_word' id='word_1_166' title='bbox 907 3246 1008 3302; x_wconf 81' lang='lat' dir='ltr'>adnot.</span> <span class='ocrx_word' id='word_1_167' title='bbox 1031 3250 1055 3299; x_wconf 80' lang='lat' dir='ltr'>t.</span> <span class='ocrx_word' id='word_1_168' title='bbox 1068 3259 1137 3316; x_wconf 63' lang='grc' dir='ltr'>ρας).</span> <span class='ocrx_word' id='word_1_169' title='bbox 1151 3250 1278 3300; x_wconf 74' lang='lat' dir='ltr'>rat-225.</span> <span class='ocrx_word' id='word_1_170' title='bbox 1294 3243 1362 3300; x_wconf 89' lang='lat' dir='ltr'>edit.</span> <span class='ocrx_word' id='word_1_171' title='bbox 1378 3243 1482 3297; x_wconf 80' lang='lat' dir='ltr'>Itomae</span> <span class='ocrx_word' id='word_1_172' title='bbox 1501 3241 1580 3298; x_wconf 83' lang='lat'><em>1818.</em></span> <span class='ocrx_word' id='word_1_173' title='bbox 1705 3229 1706 3246; x_wconf 55' lang='lat'>³</span> 
     </span>
    </p>

    <p class='ocr_par' dir='ltr' id='par_1_10' title="bbox 419 3329 1581 3494">
     <span class='ocr_line' id='line_1_23' title="bbox 493 3329 1581 3404; baseline -0.002 -19"><span class='ocrx_word' id='word_1_174' title='bbox 493 3329 526 3400; x_wconf 71' lang='lat' dir='ltr'>[it</span> <span class='ocrx_word' id='word_1_175' title='bbox 547 3333 621 3387; x_wconf 83' lang='lat' dir='ltr'>Haec</span> <span class='ocrx_word' id='word_1_176' title='bbox 640 3333 741 3389; x_wconf 83' lang='lat' dir='ltr'>etalio</span> <span class='ocrx_word' id='word_1_177' title='bbox 762 3333 926 3390; x_wconf 88' lang='lat' dir='ltr'>huiusmodi</span> <span class='ocrx_word' id='word_1_178' title='bbox 952 3331 1047 3404; x_wconf 80' lang='lat' dir='ltr'>quoad</span> <span class='ocrx_word' id='word_1_179' title='bbox 1076 3339 1237 3388; x_wconf 84' lang='lat' dir='ltr'>contractus</span> <span class='ocrx_word' id='word_1_180' title='bbox 1256 3339 1284 3388; x_wconf 92' lang='lat' dir='ltr'>et</span> <span class='ocrx_word' id='word_1_181' title='bbox 1298 3331 1422 3388; x_wconf 83' lang='lat' dir='ltr'>actiones</span> <span class='ocrx_word' id='word_1_182' title='bbox 1450 3335 1581 3386; x_wconf 85' lang='lat' dir='ltr'>aoctrrate</span> 
     </span>
     <span class='ocr_line' id='line_1_24' title="bbox 419 3420 1306 3494; baseline -0.002 -20"><span class='ocrx_word' id='word_1_183' title='bbox 419 3425 519 3474; x_wconf 88' lang='lat' dir='ltr'>notant</span> <span class='ocrx_word' id='word_1_184' title='bbox 537 3420 662 3478; x_wconf 86' lang='lat' dir='ltr'>Sauohoz</span> <span class='ocrx_word' id='word_1_185' title='bbox 684 3420 735 3478; x_wconf 77' lang='lat' dir='ltr'>tto.</span> <span class='ocrx_word' id='word_1_186' title='bbox 756 3425 782 3478; x_wconf 85' lang='lat'>7.</span> <span class='ocrx_word' id='word_1_187' title='bbox 803 3421 879 3494; x_wconf 78' lang='lat' dir='ltr'>disp.</span> <span class='ocrx_word' id='word_1_188' title='bbox 899 3428 942 3479; x_wconf 85' lang='lat'>50.</span> <span class='ocrx_word' id='word_1_189' title='bbox 963 3437 993 3478; x_wconf 82' lang='lat' dir='ltr'>n.</span> <span class='ocrx_word' id='word_1_190' title='bbox 1014 3429 1040 3477; x_wconf 82' lang='lat'>8.</span> <span class='ocrx_word' id='word_1_191' title='bbox 1063 3421 1171 3492; x_wconf 82' lang='lat' dir='ltr'>aliique</span> <span class='ocrx_word' id='word_1_192' title='bbox 1190 3421 1306 3492; x_wconf 79' lang='lat' dir='ltr'>passim.</span> 
     </span>
    </p>

    <p class='ocr_par' dir='ltr' id='par_1_11' title="bbox 422 3503 1586 3754">
     <span class='ocr_line' id='line_1_25' title="bbox 492 3503 1583 3578; baseline -0.001 -19"><span class='ocrx_word' id='word_1_193' title='bbox 492 3503 527 3574; x_wconf 76' lang='lat'>(3)</span> <span class='ocrx_word' id='word_1_194' title='bbox 547 3505 710 3562; x_wconf 77' lang='lat' dir='ltr'>constater</span> <span class='ocrx_word' id='word_1_195' title='bbox 729 3510 909 3576; x_wconf 79' lang='lat' dir='ltr'>responsus.</span> <span class='ocrx_word' id='word_1_196' title='bbox 931 3505 1063 3563; x_wconf 88' lang='lat' dir='ltr'>Nicolaii</span> <span class='ocrx_word' id='word_1_197' title='bbox 1082 3506 1117 3562; x_wconf 88' lang='lat' dir='ltr'>ad</span> <span class='ocrx_word' id='word_1_198' title='bbox 1130 3507 1279 3578; x_wconf 81' lang='lat' dir='ltr'>Buigaros,</span> <span class='ocrx_word' id='word_1_199' title='bbox 1299 3519 1356 3576; x_wconf 82' lang='lat' dir='ltr'>quo</span> <span class='ocrx_word' id='word_1_200' title='bbox 1376 3504 1496 3560; x_wconf 88' lang='lat' dir='ltr'>dicitur:</span> <span class='ocrx_word' id='word_1_201' title='bbox 1518 3525 1531 3552; x_wconf 78' lang='lat'>‹&lt;</span> <span class='ocrx_word' id='word_1_202' title='bbox 1544 3505 1583 3558; x_wconf 83' lang='lat' dir='ltr'>De</span> 
     </span>
     <span class='ocr_line' id='line_1_26' title="bbox 423 3591 1585 3666; baseline -0.001 -18"><span class='ocrx_word' id='word_1_203' title='bbox 423 3593 702 3663; x_wconf 73' lang='lat' dir='ltr'>«consanguinitate</span> <span class='ocrx_word' id='word_1_204' title='bbox 720 3593 937 3664; x_wconf 85' lang='lat' dir='ltr'>generationum</span> <span class='ocrx_word' id='word_1_205' title='bbox 957 3595 1120 3666; x_wconf 81' lang='lat' dir='ltr'>exquiritis,</span> <span class='ocrx_word' id='word_1_206' title='bbox 1149 3601 1180 3652; x_wconf 92' lang='lat' dir='ltr'>ut</span> <span class='ocrx_word' id='word_1_207' title='bbox 1208 3595 1315 3665; x_wconf 82' lang='lat' dir='ltr'>quibus</span> <span class='ocrx_word' id='word_1_208' title='bbox 1342 3593 1440 3664; x_wconf 87' lang='lat' dir='ltr'>utique</span> <span class='ocrx_word' id='word_1_209' title='bbox 1469 3591 1585 3648; x_wconf 82' lang='lat' dir='ltr'>feminis</span> 
     </span>
     <span class='ocr_line' id='line_1_27' title="bbox 422 3677 1586 3754; baseline -0.002 -16"><span class='ocrx_word' id='word_1_210' title='bbox 422 3703 435 3730; x_wconf 90' lang='lat'>«</span> <span class='ocrx_word' id='word_1_211' title='bbox 457 3682 536 3752; x_wconf 81' lang='lat' dir='ltr'>iungi</span> <span class='ocrx_word' id='word_1_212' title='bbox 556 3681 690 3752; x_wconf 82' lang='lat' dir='ltr'>debeatis,</span> <span class='ocrx_word' id='word_1_213' title='bbox 711 3680 820 3753; x_wconf 79' lang='lat' dir='ltr'>liquide</span> <span class='ocrx_word' id='word_1_214' title='bbox 838 3677 1031 3754; x_wconf 82' lang='lat' dir='ltr'>cognoscatis:</span> <span class='ocrx_word' id='word_1_215' title='bbox 1051 3697 1152 3740; x_wconf 86' lang='lat' dir='ltr'>rerum</span> <span class='ocrx_word' id='word_1_216' title='bbox 1172 3683 1248 3754; x_wconf 81' lang='lat' dir='ltr'>quod</span> <span class='ocrx_word' id='word_1_217' title='bbox 1268 3683 1344 3754; x_wconf 84' lang='lat' dir='ltr'>leges</span> <span class='ocrx_word' id='word_1_218' title='bbox 1364 3682 1432 3739; x_wconf 83' lang='lat' dir='ltr'>irino</span> <span class='ocrx_word' id='word_1_219' title='bbox 1451 3679 1586 3737; x_wconf 90' lang='lat' dir='ltr'>sanciunt</span> 
     </span>
    </p>
   </div>
   <div class='ocr_carea' id='block_1_9' title="bbox 420 3768 1706 3841">
    <p class='ocr_par' dir='ltr' id='par_1_12' title="bbox 420 3768 1706 3841">
     <span class='ocr_line' id='line_1_28' title="bbox 420 3768 1706 3841; baseline 0 -17"><span class='ocrx_word' id='word_1_220' title='bbox 420 3789 434 3818; x_wconf 70' lang='lat' dir='ltr'><em>z</em></span> <span class='ocrx_word' id='word_1_221' title='bbox 453 3769 509 3825; x_wconf 91' lang='lat' dir='ltr'>iam</span> <span class='ocrx_word' id='word_1_222' title='bbox 530 3770 724 3836; x_wconf 89' lang='lat' dir='ltr'>meminimus,</span> <span class='ocrx_word' id='word_1_223' title='bbox 740 3778 767 3827; x_wconf 89' lang='lat' dir='ltr'>et</span> <span class='ocrx_word' id='word_1_224' title='bbox 780 3769 874 3828; x_wconf 86' lang='lat' dir='ltr'>denuo</span> <span class='ocrx_word' id='word_1_225' title='bbox 891 3786 1049 3830; x_wconf 88' lang='lat' dir='ltr'>memorare</span> <span class='ocrx_word' id='word_1_226' title='bbox 1063 3773 1230 3830; x_wconf 89' lang='lat' dir='ltr'>summatim</span> <span class='ocrx_word' id='word_1_227' title='bbox 1249 3770 1487 3841; x_wconf 79' lang='lat' dir='ltr'>operaepretium</span> <span class='ocrx_word' id='word_1_228' title='bbox 1501 3768 1588 3825; x_wconf 83' lang='lat' dir='ltr'>duei-</span> <span class='ocrx_word' id='word_1_229' title='bbox 1705 3785 1706 3800; x_wconf 56' lang='lat'><strong>³</strong></span> 
     </span>
    </p>
   </div>
   <div class='ocr_carea' id='block_1_10' title="bbox 421 3858 1588 4018">
    <p class='ocr_par' dir='ltr' id='par_1_13' title="bbox 421 3858 1588 4018">
     <span class='ocr_line' id='line_1_29' title="bbox 421 3858 1585 3931; baseline -0.002 -17"><span class='ocrx_word' id='word_1_230' title='bbox 421 3880 435 3908; x_wconf 84' lang='lat'>‹&lt;</span> <span class='ocrx_word' id='word_1_231' title='bbox 456 3871 536 3924; x_wconf 89' lang='lat' dir='ltr'>mus;</span> <span class='ocrx_word' id='word_1_232' title='bbox 557 3859 636 3916; x_wconf 89' lang='lat' dir='ltr'>aiunt</span> <span class='ocrx_word' id='word_1_233' title='bbox 654 3861 745 3915; x_wconf 82' lang='lat' dir='ltr'>enim:</span> <span class='ocrx_word' id='word_1_234' title='bbox 768 3861 839 3931; x_wconf 83' lang='lat' dir='ltr'>Ergo</span> <span class='ocrx_word' id='word_1_235' title='bbox 859 3875 916 3916; x_wconf 91' lang='lat' dir='ltr'>non</span> <span class='ocrx_word' id='word_1_236' title='bbox 936 3875 1034 3917; x_wconf 76' lang='lat' dir='ltr'>omnes</span> <span class='ocrx_word' id='word_1_237' title='bbox 1055 3859 1137 3916; x_wconf 89' lang='lat' dir='ltr'>nobis</span> <span class='ocrx_word' id='word_1_238' title='bbox 1156 3874 1261 3916; x_wconf 81' lang='lat' dir='ltr'>truores</span> <span class='ocrx_word' id='word_1_239' title='bbox 1281 3861 1384 3916; x_wconf 87' lang='lat' dir='ltr'>ducere</span> <span class='ocrx_word' id='word_1_240' title='bbox 1403 3858 1485 3914; x_wconf 88' lang='lat' dir='ltr'>iicet:</span> <span class='ocrx_word' id='word_1_241' title='bbox 1517 3871 1585 3913; x_wconf 88' lang='lat' dir='ltr'>uam</span> 
     </span>
     <span class='ocr_line' id='line_1_30' title="bbox 455 3947 1588 4018; baseline -0.003 -14.113"><span class='ocrx_word' id='word_1_242' title='bbox 455 3947 644 4018; x_wconf 82' lang='lat' dir='ltr'>quarumdam</span> <span class='ocrx_word' id='word_1_243' title='bbox 656 3948 766 4018; x_wconf 81' lang='lat' dir='ltr'>&#39;nuptiis</span> <span class='ocrx_word' id='word_1_244' title='bbox 780 3949 924 4005; x_wconf 86' lang='lat' dir='ltr'>abstinero</span> <span class='ocrx_word' id='word_1_245' title='bbox 939 3949 1087 4014; x_wconf 85' lang='lat' dir='ltr'>debemus,</span> <span class='ocrx_word' id='word_1_246' title='bbox 1104 3949 1180 4004; x_wconf 87' lang='lat' dir='ltr'>iuter</span> <span class='ocrx_word' id='word_1_247' title='bbox 1198 3962 1246 4004; x_wconf 87' lang='lat' dir='ltr'>eas</span> <span class='ocrx_word' id='word_1_248' title='bbox 1264 3948 1341 4004; x_wconf 91' lang='lat' dir='ltr'>enim</span> <span class='ocrx_word' id='word_1_249' title='bbox 1353 3960 1498 4018; x_wconf 77' lang='lat' dir='ltr'>¹personas</span> <span class='ocrx_word' id='word_1_250' title='bbox 1511 3959 1588 4016; x_wconf 84' lang='lat' dir='ltr'>quae</span> 
     </span>
    </p>
   </div>
   <div class='ocr_carea' id='block_1_11' title="bbox 421 4023 1706 4108">
    <p class='ocr_par' dir='ltr' id='par_1_14' title="bbox 421 4023 1706 4108">
     <span class='ocr_line' id='line_1_31' title="bbox 421 4023 1706 4108; baseline 0.003 -22"><span class='ocrx_word' id='word_1_251' title='bbox 421 4055 434 4086; x_wconf 68' lang='lat' dir='ltr'>a</span> <span class='ocrx_word' id='word_1_252' title='bbox 456 4043 616 4107; x_wconf 83' lang='lat' dir='ltr'>parentum,</span> <span class='ocrx_word' id='word_1_253' title='bbox 639 4037 832 4095; x_wconf 85' lang='lat' dir='ltr'>liberorumve</span> <span class='ocrx_word' id='word_1_254' title='bbox 846 4037 940 4094; x_wconf 88' lang='lat' dir='ltr'>locum</span> <span class='ocrx_word' id='word_1_255' title='bbox 960 4037 1034 4094; x_wconf 91' lang='lat' dir='ltr'>iuter</span> <span class='ocrx_word' id='word_1_256' title='bbox 1053 4051 1083 4094; x_wconf 86' lang='lat' dir='ltr'>so</span> <span class='ocrx_word' id='word_1_257' title='bbox 1101 4037 1239 4102; x_wconf 87' lang='lat' dir='ltr'>obtinent,</span> <span class='ocrx_word' id='word_1_258' title='bbox 1252 4037 1368 4108; x_wconf 82' lang='lat' dir='ltr'>nuptiae</span> <span class='ocrx_word' id='word_1_259' title='bbox 1387 4035 1586 4091; x_wconf 87' lang='lat' dir='ltr'>contrahinou</span> <span class='ocrx_word' id='word_1_260' title='bbox 1705 4023 1706 4032; x_wconf 41' lang='lat'>³</span> 
     </span>
    </p>
   </div>
   <div class='ocr_carea' id='block_1_12' title="bbox 420 4125 1589 4287">
    <p class='ocr_par' dir='ltr' id='par_1_15' title="bbox 420 4125 1589 4287">
     <span class='ocr_line' id='line_1_32' title="bbox 421 4125 1589 4198; baseline -0.003 -16"><span class='ocrx_word' id='word_1_261' title='bbox 421 4145 435 4174; x_wconf 71' lang='lat' dir='ltr'>a</span> <span class='ocrx_word' id='word_1_262' title='bbox 456 4131 587 4196; x_wconf 82' lang='lat' dir='ltr'>possunt,</span> <span class='ocrx_word' id='word_1_263' title='bbox 608 4125 696 4182; x_wconf 79' lang='lat' dir='ltr'>vetuti</span> <span class='ocrx_word' id='word_1_264' title='bbox 716 4127 790 4183; x_wconf 91' lang='lat' dir='ltr'>inter</span> <span class='ocrx_word' id='word_1_265' title='bbox 808 4133 916 4198; x_wconf 79' lang='lat' dir='ltr'>patrem</span> <span class='ocrx_word' id='word_1_266' title='bbox 934 4135 963 4184; x_wconf 89' lang='lat' dir='ltr'>et</span> <span class='ocrx_word' id='word_1_267' title='bbox 981 4127 1081 4195; x_wconf 86' lang='lat' dir='ltr'>titiam,</span> <span class='ocrx_word' id='word_1_268' title='bbox 1101 4127 1146 4184; x_wconf 83' lang='lat' dir='ltr'>vei</span> <span class='ocrx_word' id='word_1_269' title='bbox 1168 4141 1255 4184; x_wconf 86' lang='lat' dir='ltr'>arum</span> <span class='ocrx_word' id='word_1_270' title='bbox 1275 4133 1302 4183; x_wconf 90' lang='lat' dir='ltr'>et</span> <span class='ocrx_word' id='word_1_271' title='bbox 1321 4133 1443 4197; x_wconf 82' lang='lat' dir='ltr'>neptem,</span> <span class='ocrx_word' id='word_1_272' title='bbox 1465 4130 1589 4180; x_wconf 90' lang='lat' dir='ltr'>matram</span> 
     </span>
     <span class='ocr_line' id='line_1_33' title="bbox 420 4212 1585 4287; baseline -0.002 -17"><span class='ocrx_word' id='word_1_273' title='bbox 420 4236 433 4262; x_wconf 87' lang='grc'>«</span> <span class='ocrx_word' id='word_1_274' title='bbox 454 4221 479 4270; x_wconf 90' lang='lat' dir='ltr'>et</span> <span class='ocrx_word' id='word_1_275' title='bbox 499 4213 602 4280; x_wconf 79' lang='lat' dir='ltr'>sitium,</span> <span class='ocrx_word' id='word_1_276' title='bbox 622 4215 716 4271; x_wconf 87' lang='lat' dir='ltr'>aviam</span> <span class='ocrx_word' id='word_1_277' title='bbox 736 4221 764 4272; x_wconf 92' lang='lat' dir='ltr'>et</span> <span class='ocrx_word' id='word_1_278' title='bbox 782 4223 924 4286; x_wconf 79' lang='lat' dir='ltr'>nepotem,</span> <span class='ocrx_word' id='word_1_279' title='bbox 945 4221 973 4272; x_wconf 88' lang='lat' dir='ltr'>et</span> <span class='ocrx_word' id='word_1_280' title='bbox 997 4231 1086 4287; x_wconf 78' lang='lat' dir='ltr'>osque</span> <span class='ocrx_word' id='word_1_281' title='bbox 1104 4215 1144 4271; x_wconf 87' lang='lat' dir='ltr'>od</span> <span class='ocrx_word' id='word_1_282' title='bbox 1161 4213 1319 4286; x_wconf 74' lang='lat' dir='ltr'>infinitum</span> <span class='ocrx_word' id='word_1_283' title='bbox 1338 4235 1362 4270; x_wconf 73' lang='lat' dir='ltr'>a.</span> <span class='ocrx_word' id='word_1_284' title='bbox 1389 4212 1458 4270; x_wconf 82' lang='lat' dir='ltr'>vioe</span> <span class='ocrx_word' id='word_1_285' title='bbox 1476 4213 1585 4281; x_wconf 84' lang='lat' dir='ltr'>opusc.</span> 
     </span>
    </p>
   </div>
   <div class='ocr_carea' id='block_1_13' title="bbox 417 4295 1706 4374">
    <p class='ocr_par' dir='ltr' id='par_1_16' title="bbox 417 4295 1706 4374">
     <span class='ocr_line' id='line_1_34' title="bbox 417 4295 1706 4374; baseline -0.004 -16"><span class='ocrx_word' id='word_1_286' title='bbox 417 4303 558 4373; x_wconf 73' lang='lat' dir='ltr'>nomaso</span> <span class='ocrx_word' id='word_1_287' title='bbox 584 4301 698 4359; x_wconf 85' lang='lat' dir='ltr'>Nicotoi</span> <span class='ocrx_word' id='word_1_288' title='bbox 722 4306 745 4359; x_wconf 87' lang='grc' dir='ltr'>Ι.</span> <span class='ocrx_word' id='word_1_289' title='bbox 771 4303 811 4358; x_wconf 86' lang='lat' dir='ltr'>od</span> <span class='ocrx_word' id='word_1_290' title='bbox 838 4304 970 4360; x_wconf 83' lang='lat' dir='ltr'>conaotto</span> <span class='ocrx_word' id='word_1_291' title='bbox 994 4303 1206 4374; x_wconf 72' lang='lat' dir='ltr'>Battoocorttm,</span> <span class='ocrx_word' id='word_1_292' title='bbox 1235 4315 1298 4374; x_wconf 81' lang='lat' dir='ltr'>cop.</span> <span class='ocrx_word' id='word_1_293' title='bbox 1329 4307 1373 4359; x_wconf 75' lang='grc'>59.</span> <span class='ocrx_word' id='word_1_294' title='bbox 1394 4315 1466 4372; x_wconf 74' lang='lat' dir='ltr'>pag.</span> <span class='ocrx_word' id='word_1_295' title='bbox 1485 4303 1529 4355; x_wconf 72' lang='lat'>23.</span> <span class='ocrx_word' id='word_1_296' title='bbox 1552 4329 1590 4339; x_wconf 91' lang='lat'>—</span> <span class='ocrx_word' id='word_1_297' title='bbox 1705 4295 1706 4304; x_wconf 75' lang='grc'>’</span> 
     </span>
    </p>
   </div>
   <div class='ocr_carea' id='block_1_14' title="bbox 407 4389 917 4549">
    <p class='ocr_par' dir='ltr' id='par_1_17' title="bbox 407 4389 917 4549">
     <span class='ocr_line' id='line_1_35' title="bbox 407 4389 706 4453; baseline -0.007 -8"><span class='ocrx_word' id='word_1_298' title='bbox 407 4389 486 4453; x_wconf 72' lang='lat' dir='ltr'>,edit</span> <span class='ocrx_word' id='word_1_299' title='bbox 508 4393 614 4448; x_wconf 84' lang='lat' dir='ltr'>Romae</span> <span class='ocrx_word' id='word_1_300' title='bbox 628 4391 706 4448; x_wconf 84' lang='grc'><strong>1860.</strong></span> 
     </span>
     <span class='ocr_line' id='line_1_36' title="bbox 489 4475 917 4549; baseline -0.005 -15"><span class='ocrx_word' id='word_1_301' title='bbox 489 4477 527 4549; x_wconf 80' lang='lat'>(4)</span> <span class='ocrx_word' id='word_1_302' title='bbox 548 4479 645 4536; x_wconf 81' lang='lat' dir='ltr'>baroti</span> <span class='ocrx_word' id='word_1_303' title='bbox 666 4478 715 4534; x_wconf 90' lang='lat' dir='ltr'>toc.</span> <span class='ocrx_word' id='word_1_304' title='bbox 737 4477 785 4535; x_wconf 80' lang='lat' dir='ltr'>cit.</span> <span class='ocrx_word' id='word_1_305' title='bbox 805 4475 835 4548; x_wconf 78' lang='lat'>§.</span> <span class='ocrx_word' id='word_1_306' title='bbox 857 4479 917 4536; x_wconf 82' lang='lat'>135.</span> 
     </span>
    </p>
   </div>
   <div class='ocr_carea' id='block_1_15' title="bbox 0 0 1750 5302">
    <p class='ocr_par' dir='ltr' id='par_1_18' title="bbox 0 0 1750 5302">
     <span class='ocr_line' id='line_1_37' title="bbox 0 0 1750 5302; baseline 0 0"><span class='ocrx_word' id='word_1_307' title='bbox 0 0 1750 5302; x_wconf 95' lang='lat' dir='ltr'> </span> 
     </span>
    </p>
   </div>
  </div>
 </body>
</html>
