3446 5298
865 403 1041 470 -39l-

914 692 995 782 tv.

629 934 775 1012 litterae
798 939 994 1030 spostolicae
1016 939 1180 1014 Benedicti
1193 939 1268 1014 xlv

408 1039 450 1113 al
464 1039 746 1136 Amniepireepun
762 1045 909 1120 Comen.
932 1047 977 1120 lle
992 1047 1151 1121 domicilio
1166 1051 1203 1121 et
1217 1049 1490 1141 queri-nenium

690 1169 749 1242 pro
763 1151 967 1228 maturuerit
983 1153 1208 1230 contrahendo.

447 1405 575 1484 Paucis
616 1402 661 1481 ab
695 1403 779 1482 bine
818 1401 1052 1482 hebdomadis
1089 1406 1340 1484 Fratemitatis
1376 1418 1461 1484 tuae
1492 1405 1539 1484 li-

367 1543 463 1608 teras
491 1527 704 1633 accepimus,
736 1526 793 1606 die
824 1535 871 1608 16
891 1525 1088 1606 decembris
1110 1536 1210 1608 1754
1231 1527 1348 1622 datae,
1371 1529 1535 1608 nescien-

367 1665 422 1732 tes
451 1645 565 1755 usque
592 1650 724 1744 adbuc,
755 1675 931 1755 quaenam
951 1649 1144 1730 diuturnae
1164 1652 1273 1732 huius
1292 1675 1411 1730 morae
1427 1651 1537 1730 luerit

366 1801 488 1854 causa.
511 1773 716 1880 Exposuisti
731 1787 850 1854 autem
870 1774 907 1852 in
927 1773 984 1868 iis,
1007 1774 1102 1878 quod
1123 1799 1201 1854 cum
1222 1787 1404 1881 receptum
1422 1773 1535 1852 luerit

365 1901 402 1978 in
432 1899 585 1978 dioecesi
622 1913 685 1978 tua
722 1897 957 1976 tridentinum
995 1899 1202 1994 Concilium,
1241 1913 1406 1979 servatur
1443 1899 1533 1978 eda-

366 2024 513 2102 mussim
542 2021 673 2102 ibidem
702 2021 838 2100 sanctio
867 2022 948 2118 illa,
972 2047 1064 2127 quae
1098 2024 1195 2102 nulla
1224 2022 1383 2104 declarat
1410 2026 1537 2103 matri-

366 2149 484 2228 monia
511 2173 603 2252 quae
631 2148 708 2226 sine
733 2148 934 2250 praeseutia
963 2147 1107 2252 parochi
1135 2148 1256 2252 sponsi
1292 2149 1348 2228 vel
1381 2173 1535 2253 sponsae

368 2284 403 2352 et
431 2272 508 2352 sine
537 2271 677 2350 duobus
705 2269 859 2350 testibus
887 2269 1126 2349 celebrantur.
1159 2275 1244 2350 Cum
1277 2297 1360 2352 vero
1377 2271 1534 2350 dioecesi

368 2409 451 2476 tuae
480 2394 651 2472 finitimus
670 2394 717 2472 sit
735 2393 833 2472 locus
852 2393 1012 2498 quidam,
1036 2393 1157 2474 Sunda
1177 2407 1340 2486 nocetne,
1363 2393 1424 2472 ubi
1440 2420 1535 2473 non-

367 2519 457 2598 nulli
473 2518 686 2598 llissionarii
706 2517 913 2598 Sacerdotes
933 2517 1139 2598 inhabitant
1158 2516 1203 2596 ad
1224 2519 1378 2621 regionis
1398 2519 1534 2598 incolas

366 2643 411 2720 ad
439 2641 545 2720 fidem
573 2641 783 2720 catholicam
822 2640 1083 2746 pertrahendos
1121 2641 1411 2747 edocendosque,
1443 2667 1532 2722 con-

367 2766 448 2869 tigit
476 2765 682 2871 aliquando,
714 2779 822 2870 atque
858 2789 955 2844 nuuc
991 2766 1100 2846 etiam
1136 2767 1330 2870 contingit,
1361 2781 1403 2845 ut
1430 2767 1533 2871 quis-

366 2889 460 2995 piam
476 2889 705 2968 difficultates
719 2913 970 2993 praenoscens,
988 2915 1081 2994 quae
1096 2890 1361 2970 matrimonium
1369 2889 1534 2970 fortassis

366 3011 581 3117 impedirent
608 3014 901 3116 quotiescumque
929 3011 967 3088 in
996 3027 1057 3090 tua
1078 3012 1231 3092 dioecesi
1250 3014 1536 3094 contrabendum

366 3135 471 3230 foret,
504 3135 549 3214 eb
577 3135 700 3214 eadem
729 3133 880 3214 discedit
909 3161 1087 3214 unacum
1116 3137 1277 3232 muliere,
1309 3151 1417 3243 utque
1440 3141 1534 3218 Sun-

366 3266 448 3345 dam
482 3265 617 3369 pergit,
652 3263 715 3341 ubi
753 3288 868 3368 neque
902 3277 1082 3368 receptum
1121 3260 1237 3370 neque
1269 3263 1534 3369 promulgatum

367 3387 434 3468 luit
462 3389 654 3468 Concilium
682 3387 930 3482 tridentinum,
961 3387 1082 3493 ibique
1115 3390 1378 3468 matrimonium
1414 3413 1533 3468 coram

366 3511 588 3590 Missionerio
616 3511 810 3605 contrahit,
841 3535 882 3590 ae
909 3511 1062 3592 subinde
1090 3513 1295 3615 regrediens
1328 3511 1372 3590 ad
1393 3511 1535 3591 dioeee·

365 3637 432 3713 sim
460 3647 572 3730 tuam,
603 3635 760 3714 validum
780 3659 858 3715 esse
876 3635 1075 3730 contendit,
1099 3663 1140 3715 eo
1159 3637 1243 3740 quia
1267 3637 1533 3716 matrimonium

365 3784 437 3838 uon
465 3757 551 3837 alibi
580 3759 717 3838 nullum
744 3783 822 3838 esse
850 3772 1052 3863 reputatur,
1085 3773 1334 3864 praeterquam
1361 3759 1405 3837 iis
1424 3760 1461 3837 in
1481 3760 1535 3838 lo-

364 3883 416 3961 cis
444 3883 481 3961 in
508 3882 642 3986 quibus
669 3882 814 3962 Consilii
842 3887 1031 3962 Decretum
1059 3895 1240 3988 receptum
1269 3907 1311 3984 ac
1326 3883 1531 3987 promulga-

365 4022 440 4088 tum
469 4007 550 4087 luit.
582 4013 678 4086 Haec
705 4019 760 4086 est
779 4008 957 4111 quaestio,
980 4007 1023 4086 de
1042 4031 1114 4112 qua
1134 4012 1205 4088 Nos
1224 4009 1470 4111 interrogasti,
1492 4021 1534 4088 ut

364 4157 522 4212 normam
551 4129 834 4236 praeliniremus,
858 4155 1011 4236 quaeum
1031 4134 1068 4210 in
1097 4133 1270 4212 eiusmodi
1292 4133 1532 4212 matrimoniis

367 4280 487 4359 gerere
524 4267 559 4334 te
597 4267 759 4359 oporteat
763 4315 944 4334 ......
976 4258 1059 4360 (Hie
1096 4255 1253 4362 loquitur
1291 4257 1461 4361 Pontifex
1489 4255 1533 4335 de

365 4379 543 4458 adiunctis
567 4377 813 4482 personalibus
841 4378 1056 4459 ualetudinis
1085 4392 1118 4460 et
1144 4379 1414 4486 experientiae).
