3456 5300
668 485 705 500 ..
726 453 765 516 65
787 487 823 502 ..

165 577 233 654 vile
262 577 335 654 eim
366 577 497 656 habeat
526 579 744 684 sponsalium
773 591 836 657 aut
866 581 901 656 in
929 579 1108 684 sponsalia
1138 579 1181 658 de
1211 578 1331 660 tuturo

164 702 376 796 resolvatur,
400 729 442 782 er
471 702 604 808 quibos
623 703 787 810 publicae
821 703 1020 782 honestatis
1039 703 1330 809 impedimentum

163 827 344 907 enascitur
379 854 419 906 ao
448 827 619 907 dirimens
647 829 910 906 matrimonium
952 827 1140 934 usquead
1177 831 1327 936 primum

163 951 330 1054 gradum3
354 997 377 1012 -
397 953 452 1032 vel
483 961 522 1030 2⁰
541 979 584 1030 ea
613 978 655 1031 eo
683 951 779 1058 quod
807 953 1069 1030 matrimonium
1096 953 1200 1032 oiuile
1228 979 1330 1060 spere

164 1077 310 1156 tandum
340 1079 386 1154 sit
407 1077 460 1156 uti
479 1077 742 1156 matrimonium
770 1075 1047 1164 clandestinam,
1067 1103 1110 1156 er
1129 1105 1201 1184 quo
1219 1083 1331 1187 impe·

164 1201 361 1280 «timentum
379 1200 544 1306 publicae
564 1201 763 1280 honestatis
783 1226 896 1306 usque
916 1200 960 1278 ad
994 1215 1162 1307 quartum
1182 1202 1330 1306 gradum

164 1325 248 1404 oriri
277 1327 494 1406 communior
513 1329 587 1404 DD.
620 1326 798 1405 sententia
818 1323 933 1420 donet,
957 1339 997 1403 ut
1024 1351 1139 1432 nuper
1158 1325 1327 1406 diximus.

165 1450 276 1530 -Sed
319 1464 486 1528 neutram
532 1447 600 1528 diei
643 1475 745 1553 posse
792 1448 936 1527 aiebant
978 1449 1087 1528 huius
1133 1453 1330 1532 sententiae

164 1573 320 1678 patroni.
1076 1673 1078 1677 Ι

246 1708 308 1777 tt.
327 1703 372 1777 Et
382 1697 503 1803 primo
521 1695 664 1802 quidem
680 1695 748 1776 diei
779 1697 916 1802 nequit,
939 1697 1201 1777 matrimonium
1229 1699 1331 1779 eivile

165 1825 235 1903 vim
250 1823 383 1904 habere
411 1823 627 1929 sponsalium
648 1823 704 1902 rel
720 1823 758 1900 in
785 1823 963 1928 sponsalia
979 1824 1146 1904 transire.
1169 1827 1218 1903 Ut
1237 1826 1331 1902 enim

164 1949 419 2028 animadvertit
461 1948 831 2053 Lambertinius(1)2
880 1953 1096 2028 <Assonsu's
1125 1947 1168 2028 de
1211 1947 1331 2028 futuro

165 2107 183 2148 ι
216 2099 288 2152 non
316 2087 435 2153 autem
464 2073 507 2152 de
535 2073 715 2178 praesenti
744 2072 922 2177 sponsalia
965 2072 1164 2154 constituit.
1197 2072 1255 2152 Sin
1287 2099 1328 2151 ea

166 2229 185 2272 a
219 2196 381 2277 definivit
422 2197 589 2278 Nioolaus
626 2195 789 2277 Pontifex
817 2223 896 2276 oum
939 2197 1103 2300 Balgaris
1144 2197 1330 2278 eonsilium

166 2355 184 2394 a
218 2321 425 2427 petentibus
467 2347 674 2427 responsum
717 2322 842 2402 terret:
890 2329 981 2400 Snnt
1012 2321 1223 2426 saturarum
1264 2348 1332 2402 nn-

167 2480 186 2522 «
217 2448 381 2554 ptiarnna
397 2448 587 2554 promissio
607 2449 679 2553 (2).
712 2447 809 2526 Idem
839 2448 942 2528 donet
974 2453 1011 2528 S.
1035 2449 1227 2528 Thomas»
1253 2449 1326 2554 (3).

164 2575 211 2650 Et
239 2573 418 2652 contraria
437 2573 613 2652 sententia
634 2571 821 2652 abeodem
842 2573 1044 2679 appellatur
1064 2599 1156 2652 novo
1171 2573 1330 2662 insania,

163 2723 255 2802 puae
274 2696 330 2775 oet
357 2697 400 2778 ab
420 2696 626 2802 ipnorontr'a
650 2695 743 2775 oeta
770 2697 914 2776 malitia
924 2697 1180 2804 proficiscitur,
1197 2697 1327 2778 eidem·

161 2849 233 2930 que
254 2823 455 2904 sententiae
470 2848 645 2928 nosquam
664 2833 770 2900 anteo
786 2823 1000 2928 propositae,
1015 2822 1131 2928 salsae
1149 2823 1331 2903 doctrinae

161 2959 283 3027 notam
312 2947 426 3026 inurit
454 2945 528 3051 (t).
565 2951 725 3025 Ceterum
754 2946 918 3052 pluribus
947 2951 983 3026 S.
1003 2950 1040 3026 C.
1074 2947 1330 3028 uoneitiireso-

163 3072 364 3152 tutionibus
406 3072 625 3153 declaratum
667 3071 749 3166 fuit,
799 3072 1022 3152 matrimonia
1065 3072 1108 3151 de
1149 3077 1329 3180 praesenti

161 3197 264 3278 nulla
292 3223 336 3276 en
364 3195 505 3276 detentu
533 3196 665 3276 formae
694 3224 713 3274 a
742 3195 949 3276 Tridentino
978 3196 1119 3303 Synodo
1157 3199 1332 3303 praesori-

162 3335 276 3429 ptae,
309 3347 369 3402 nea
415 3321 488 3400 aim
529 3320 654 3400 habere
690 3319 929 3427 sponsalium,
965 3346 1025 3401 nee
1075 3322 1112 3399 in
1149 3321 1330 3427 sponsalia

162 3445 324 3524 transire
343 3444 415 3551 (5).
448 3445 580 3552 Exoipe
613 3445 875 3524 matrimonium
896 3446 1120 3552 impuberum
1139 3473 1203 3554 per
1222 3447 1329 3526 verba

161 3572 208 3654 de
236 3573 418 3678 praesenti
446 3573 589 3667 initum,
619 3570 714 3677 quod
743 3597 814 3650 non
842 3596 905 3677 per
933 3597 985 3667 se,
1016 3570 1080 3650 sed
1108 3599 1151 3651 ex
1180 3571 1332 3678 disposi-

233 3739 268 3813 tlt
288 3739 431 3798 Benediet.
451 3743 511 3798 xlv
530 3740 664 3798 [metent.
685 3740 776 3798 eeetea
798 3745 842 3796 ta.
861 3755 894 3798 n.
913 3745 958 3797 23.

233 3827 270 3900 (t)
289 3831 332 3886 Ex
351 3843 413 3886 ran.
434 3835 578 3888 nostrates
591 3833 619 3885 t.
634 3843 715 3886 eane.
735 3834 780 3886 to.
801 3835 912 3902 quaest.
933 3835 967 3896 5,·
981 3861 998 3870 -
1012 3829 1061 3886 sed
1080 3829 1147 3888 vide
1160 3830 1207 3888 ett.
1222 3832 1326 3904 Opuse.

159 3917 441 3989 neepmaamteotat
460 3917 531 3976 lad
549 3917 685 3976 nonanto
703 3918 917 3990 detentorum,
940 3933 1004 3991 cap.
1024 3925 1052 3988 5,
1072 3919 1121 3977 abi
1137 3935 1208 3992 pap.
1227 3925 1243 3976 5
1263 3919 1328 3990 legi-

157 4017 224 4064 tur:
244 4007 415 4079 sponsalia,
437 4019 511 4080 qnae
530 4007 712 4080 futurarum
729 4013 798 4064 sunt
815 4007 997 4080 nuptiarum
1012 4007 1163 4080 mammea
1181 4007 1306 4082 [amera.

235 4096 271 4169 23)
289 4097 431 4155 ditatura
453 4097 644 4158 Lambertinio
663 4098 693 4154 in
712 4095 740 4154 d.
760 4096 860 4156 [notit.
879 4097 968 4155 eeetes.
991 4103 1035 4154 tt.
1055 4114 1086 4155 n.
1106 4103 1151 4157 tt.

231 4188 690 4260 mmmmmmnffi

235 4276 272 4352 (5)
290 4281 401 4336 Harum
420 4277 560 4351 quasdam
580 4277 789 4336 resolutiaoum
809 4275 903 4334 retert.
925 4277 1066 4336 Benediat.
1087 4279 1148 4336 xlv
1168 4277 1215 4336 eit.
1237 4277 1329 4338 lostit.
1370 4283 1372 4287 ‘

157 4366 265 4427 eodem
283 4381 396 4425 numer.
418 4367 498 4426 Aliae
517 4369 641 4424 citantur
661 4367 690 4423 io
711 4366 899 4438 Ephemeride
918 4369 963 4424 eui
984 4367 1102 4426 titulus:
1118 4371 1190 4431 teta
1207 4371 1332 4434 Sanctae

158 4455 257 4522 Sedit,
279 4457 334 4514 aot.
357 4461 399 4514 tt.
416 4473 487 4530 pop.
509 4463 570 4514 tna.

231 4543 369 4592 massata.
385 4543 417 4592 tte
431 4541 631 4604 impedimentis.
