3456 5300
678 395 835 455 ..57-

174 513 225 616 gis
254 515 471 594 incestuosi:
511 516 647 596 scilicet
684 519 814 596 coniux
842 516 1082 609 incestuosus,
1114 542 1184 594 non
1222 529 1340 594 autem

174 636 356 732 innocens,
374 638 536 742 privatur
551 639 628 718 iure
643 639 787 744 petendi
803 638 963 718 debitum
982 635 1056 743 (1).
1073 682 1092 696 -
1112 641 1206 716 Haec
1222 649 1340 716 autern

177 761 332 840 affinitas
360 788 439 842 curn
468 766 605 843 oriatur
624 790 667 842 err
696 764 820 844 illicita
839 763 980 869 copula,
1004 761 1088 841 hinc
1107 761 1140 840 vi
1161 762 1261 840 citati
1277 763 1342 840 tri-

175 883 312 964 dentini
340 885 474 966 decreti
503 889 561 992 (Ι)
599 889 823 968 contrahitur
860 901 1000 967 tantum
1030 913 1075 966 er
1102 889 1229 992 copula
1262 913 1346 968 cum·

174 1010 447 1112 consanguineis
462 1012 611 1091 alterius
625 1012 786 1114 coniugis
800 1014 837 1090 in
853 1011 972 1118 primo
992 1025 1028 1090 et
1043 1011 1192 1090 secando
1206 1011 1339 1116 prada,

175 1134 282 1212 etad
311 1134 407 1212 huuc
435 1135 583 1238 gradum
605 1136 832 1239 restringitur
860 1159 1083 1240 consequens
1103 1133 1248 1240 petendi
1277 1136 1340 1213 de-

177 1254 288 1335 bitum
318 1258 470 1362 privm'o
502 1259 518 1364 (
548 1259 576 1360 ).

258 1389 320 1460 16.
353 1387 395 1462 ln
424 1383 579 1463 Ecclesia
611 1385 787 1464 Orientali
823 1385 940 1489 quoad
969 1385 1155 1465 affinitatis
1191 1382 1341 1488 impedi-

175 1520 332 1586 mentum
373 1509 673 1613 praescriptiones
709 1510 798 1612 legis
833 1509 948 1588 civilis
978 1510 1014 1587 in
1047 1535 1114 1588 usu
1143 1523 1242 1588 sunt.
1283 1507 1340 1586 Sic

176 1655 328 1710 nouerca
355 1633 481 1737 nequit
509 1633 542 1712 ei
578 1633 729 1729 nubere,
764 1635 828 1738 qui
856 1635 1039 1739 privignae
1067 1659 1153 1714 suae
1190 1634 1340 1712 maritus

178 1751 257 1831 luit.
290 1755 473 1834 Accedunt
500 1758 797 1861 praescriptiones
825 1757 946 1836 Sisinii
975 1759 1202 1836 Patrierohao
1235 1757 1337 1862 plura

176 1875 219 1955 ob
248 1878 435 1958 affinitatis
454 1879 665 1960 affinitatem
693 1881 857 1982 coniugia
877 1883 1050 1976 vetantis;
1082 1881 1133 1960 sic
1161 1880 1276 1959 vetuit
1295 1906 1340 1960 ne

177 1998 247 2080 duo
275 1999 403 2082 iratres
439 2001 530 2082 duas
568 2002 702 2082 ducant
736 2003 980 2098 consobrinas,
1017 2003 1147 2082 nedum
1185 2028 1335 2083 sorores

177 2125 330 2230 Nuptiae
349 2127 441 2205 serti
470 2153 511 2204 ao
530 2128 671 2232 septimi
691 2127 824 2232 gradus
852 2139 1019 2206 vetantur
1038 2131 1067 2206 si
1088 2129 1207 2232 aliqua
1227 2154 1342 2208 eruer-

177 2261 235 2350 gat
253 2248 372 2352 quoad
400 2251 540 2352 generis
559 2251 817 2356 appellationes
836 2251 995 2330 conlusio
1014 2297 1038 2311 -
1058 2251 1160 2358 Apud
1189 2257 1340 2332 Graecos

177 2370 313 2450 obtinet
349 2373 455 2450 etiarn
493 2373 650 2453 affinitas
686 2400 730 2453 er
768 2375 884 2452 tribus
926 2374 1114 2479 descriptis
1151 2376 1338 2455 affinitatis

177 2495 389 2598 generibus;
420 2496 482 2576 sed
512 2497 764 2603 impedimenta
792 2523 885 2602 quae
914 2524 957 2576 eu
985 2499 1142 2577 secundo
1169 2513 1205 2577 et
1234 2501 1338 2578 tertio

178 2618 362 2697 affinitatis
392 2645 519 2722 genere
547 2621 727 2716 oriuntur,
759 2621 813 2700 uti
841 2620 1070 2726 impedientia
1099 2623 1211 2724 magis
1230 2649 1337 2726 quam

177 2735 379 2818 dirimentia
409 2739 533 2818 haberi
562 2739 730 2820 videntur
758 2741 774 2845 (
802 2741 831 2845 ).

255 2871 320 2940 17.
350 2861 530 2968 Quidquid
562 2875 680 2941 tamen
707 2867 755 2942 sit
781 2864 825 2942 de
854 2865 982 2944 ceteris
1011 2863 1244 2943 Orientalium
1274 2869 1340 2942 Eo·

176 2983 304 3080 clesiis
336 2987 479 3092 saepius
506 2985 651 3064 laudata
671 2987 934 3066 Maronitarum
965 2985 1124 3092 Syrtodas
1145 2986 1340 3065 libanensis

177 3107 263 3188 haec
291 3109 335 3187 de
363 3109 537 3189 affinitate
566 3109 746 3190 decrevit:
780 3117 937 3200 «Quum
964 3111 1096 3216 gradus
1124 3113 1341 3216 consangui-

177 3235 300 3314 nitatis
329 3235 373 3312 ad
402 3249 569 3339 quartum
607 3235 780 3314 inclusive
807 3235 925 3341 quoad
954 3237 1100 3316 Latinos
1128 3239 1165 3314 in
1185 3236 1340 3315 Concilio

180 3360 409 3439 Lateranensi
425 3359 493 3438 sub
508 3361 716 3439 Innocentio
735 3364 803 3455 111,
827 3375 862 3439 et
878 3359 923 3438 ad
943 3361 1127 3466 septimam
1153 3385 1338 3465 personam

177 3483 295 3590 quoad
324 3483 523 3564 Orientales
555 3483 689 3562 redacti
720 3484 865 3580 luerint,
888 3509 1110 3589 consequens
1129 3499 1197 3579 est,
1236 3500 1276 3564 ut
1294 3485 1339 3564 ad

245 3678 283 3750 (Ι)
303 3681 472 3736 constater
492 3679 626 3748 pluribus
648 3679 719 3737 iuris¹
738 3679 866 3736 canonici
889 3678 968 3744 ioris.
995 3682 1161 3750 praesertim
1176 3696 1211 3736 err
1231 3695 1292 3750 cap.
1314 3683 1341 3737 si

179 3770 245 3840 qaia
264 3773 291 3823 l.
311 3769 346 3824 de
365 3781 394 3823 eo
411 3770 463 3839 qai
481 3771 613 3840 copnooit
632 3769 879 3836 consanpainenm
897 3770 998 3826 unua
1014 3783 1093 3826 suae.

245 3855 283 3928 (2)
303 3857 427 3914 trident.
448 3872 511 3914 aesc.
533 3862 576 3914 24.
598 3871 663 3928 cap.
684 3863 709 3911 l.
731 3859 764 3914 de
782 3858 869 3929 reson.
891 3857 1026 3914 inatrim.

243 3945 282 4018 (3)
303 3946 429 4002 Sunonez
450 3945 501 4002 lib.
523 3953 549 4002 9.
570 3945 646 4016 disp.
667 3951 711 4001 27.
732 3962 763 4002 n.
787 3951 828 4014 tt,
851 3945 972 4016 alituum
994 3954 1021 4005 et
1039 3947 1275 4003 confirmaturos
1294 3947 1340 4004 de-

180 4035 333 4092 claratione
357 4047 492 4105 expresso
519 4033 644 4105 Gregorii
667 4037 732 4090 xltl
751 4047 787 4090 ex
807 4033 943 4090 sententia
970 4035 1108 4105 congreg.
1133 4033 1241 4091 concii.
1261 4033 1339 4104 apud

179 4126 205 4179 S.
225 4125 316 4196 Ligo'r.
337 4124 372 4180 de
390 4123 525 4179 matrim.
545 4138 575 4178 n.
599 4129 677 4179 lata.
693 4155 710 4162 -
725 4123 918 4179 Limitationes
939 4123 1022 4178 huius
1042 4137 1149 4193 poenae
1163 4121 1255 4179 videri
1276 4135 1339 4192 pos-

181 4221 243 4270 sunt
261 4212 337 4284 apuu
358 4213 530 4269 Laurentum
552 4211 602 4268 lid.
626 4218 650 4267 t.
671 4213 718 4269 tit.
741 4217 782 4267 lt.
804 4220 912 4283 arment.
933 4217 994 4267 254.
1015 4227 1045 4267 n.
1062 4216 1088 4266 2:
1104 4209 1218 4282 etuuod
1238 4211 1338 4268 attinet

181 4301 214 4358 ad
231 4302 381 4373 coniugem
401 4301 581 4358 innocentem
601 4317 631 4358 n.
652 4306 679 4356 5.

248 4392 281 4466 (4)
301 4391 348 4450 Cir
366 4387 584 4462 Pupp-Sziiigyi
607 4391 657 4446 loc.
677 4393 726 4446 ait.
746 4391 775 4461 S.
799 4396 859 4446 int.
