3424 5300
634 504 809 569 -l8l-

139 628 291 732 pecunia
319 628 364 707 ad
392 630 631 710 accusandum
660 630 894 728 inducuntur,
927 658 1076 738 eamque
1096 633 1246 740 exigunt
1265 648 1305 715 ut

139 751 184 828 ab
212 753 439 832 accusatione
475 754 664 850 desistant,
696 755 781 860 quia
809 754 898 833 falso
925 770 962 835 ot
994 757 1171 838 matronae
1198 785 1304 837 accu·
1348 773 1349 777 '

140 905 219 958 sare
256 895 534 985 praesumuntur
561 883 663 961 iuxta
690 881 902 962 decretalem
932 882 1163 988 Siquificoote
1194 889 1304 963 lnno·

140 1004 248 1083 centii
276 1008 337 1083 lll—
360 1005 433 1146 (4).
465 1006 563 1086 ldem
583 1006 772 1086 dicendum
791 1006 835 1085 de
855 1007 1145 1102 testificantibus,
1167 1009 1302 1114 quippe

140 1130 202 1232 qui
230 1131 337 1209 etiam
366 1134 402 1208 in
430 1131 548 1210 causis
582 1131 902 1211 matrimonialibus
936 1132 1069 1214 debent
1100 1158 1178 1213 esse
1206 1135 1300 1213 omni

144 1257 349 1361 exceptione
378 1259 527 1336 maiores
556 1256 629 1363 (2).
791 1312 806 1345 .

218 1378 255 1484 4)
284 1381 598 1486 Repelluntorqui
624 1380 708 1460 doru
723 1382 1017 1489 proclamationes
1032 1381 1172 1477 fierent
1187 1383 1304 1462 scien-

142 1517 194 1582 tes
223 1505 513 1611 impedimentum
533 1505 716 1603 dirimens,
741 1497 833 1584 illud
848 1533 919 1587 non
939 1506 1227 1586 manifestarunt
1251 1512 1303 1587 Ex

140 1631 206 1710 hoc
233 1633 327 1711 enim
355 1633 510 1728 silentio,
541 1658 676 1713 senex
705 1658 747 1712 co
773 1631 869 1739 quod
898 1631 1221 1713 manifestationem
1237 1635 1303 1712 im-

138 1756 330 1861 pedimenti
350 1757 556 1836 distulerint
574 1757 619 1836 ad
648 1772 789 1863 tempus
817 1759 1030 1836 matrimonii
1050 1758 1119 1836 iam
1139 1771 1303 1838 contrac-

138 1882 179 1975 ti,
210 1881 413 1984 coniugium
440 1882 656 1961 calumniose
685 1906 851 1962 accusare
892 1897 1188 1989 praesumuntur;
1233 1882 1303 1961 nisi

136 2021 255 2086 tamen
284 2009 339 2088 vel
367 2008 412 2088 ob
441 2008 696 2113 ignorantiam,
724 2011 782 2089 rel
808 2009 855 2089 ob
880 2011 985 2089 aliam
1015 2011 1143 2090 iustam
1168 2009 1298 2117 proba-

139 2146 282 2236 tamque
308 2159 469 2228 cansam,
498 2134 602 2213 iuxta
626 2134 1078 2229 distinctionamctoasus,
1109 2159 1198 2239 quos
1218 2159 1291 2212 me-

140 2273 253 2338 morat
280 2259 509 2338 Innocentius
537 2263 591 2338 lll
611 2260 648 2338 in
668 2259 737 2338 alia
766 2246 1046 2365 decretaliquae
1067 2258 1192 2364 incipit
1215 2265 1303 2338 Cum

140 2385 177 2462 444
205 2395 269 2462 tuo
289 2384 362 2489 (3),
385 2410 545 2490 quosque
565 2384 712 2488 Pirhing
733 2385 791 2489 (4)
811 2385 943 2491 aliique
963 2398 1174 2465 enumerant
1193 2397 1301 2490 atque
1401 2388 1403 2393 ”

140 2508 361 2613 expendunt.

216 2634 250 2735 c)
280 2632 479 2737 Repellitur
514 2633 661 2730 mulier,
692 2654 785 2740 quac
817 2636 922 2738 graui·¹
948 2646 1044 2713 metu
1082 2630 1226 2738 quidem
1257 2630 1302 2710 ab

104 2780 106 2784 ·
138 2757 238 2837 initio
253 2758 364 2838 invita
379 2760 571 2854 contraxit,
590 2759 656 2838 sed
668 2774 791 2866 postea
806 2753 984 2838 carnalem
998 2758 1160 2864 copulam
1175 2770 1303 2865 sponte

138 2883 293 2979 admisit,
325 2898 366 2964 ut
392 2885 574 2992 rescripsit
602 2882 760 2966 Clemens
787 2881 845 2966 ΙΙΙ
870 2882 949 2991 (4),
974 2899 1011 2965 et
1039 2897 1079 2964 ut
1107 2909 1214 2989 supra
1247 2879 1303 2959 di-

138 3009 279 3088 ximus.¹

211 3133 251 3237 d)
281 3135 507 3238 Regulariter
535 3161 606 3214 uon
634 3136 895 3231 admittuntur,
928 3136 1005 3214 sine
1033 3134 1113 3213 aliis
1138 3133 1293 3212 admini-

137 3259 238 3354 culis,
270 3259 331 3364 qui
360 3259 594 3365 personaliter
622 3260 789 3340 absentes
804 3286 867 3366 per
887 3261 1008 3340 literas
1032 3260 1298 3340 matrimonium

140 3398 323 3480 accusant3
355 3399 391 3464 et
410 3387 501 3465 ratio
519 3399 587 3481 est,
611 3401 652 3466 ut
672 3385 810 3465 lacilius
825 3384 1066 3465 calumniandi
1088 3384 1301 3464 excludatur

141 3513 286 3603 occasio,
304 3511 467 3615 quamvis
482 3511 655 3590 eiusmodi
671 3512 849 3592 accusatio
869 3537 910 3590 ac
925 3473 1129 3590 testificatio
1143 3508 1300 3614 aliquam

142 3641 253 3741 pariat
281 3641 605 3744 praesumptionem
634 3640 708 3744 (6).

215 3762 249 3869 a)
278 3763 445 3852 Quamvis
479 3762 689 3844 admittatur
731 3774 916 3842 occcsotor
949 3764 992 3842 de
1026 3761 1167 3855 auditu,
1212 3760 1296 3838 licet

206 3977 241 4049 (1)
261 3979 326 4048 cap.
348 3975 536 4049 atqoitteortte
554 3983 570 4034 4
572 3976 658 4049 ,qui
674 3977 811 4034 4444444444.
830 3991 968 4035 4444444444
982 3981 1113 4047 4444444444,
1135 3972 1178 4029 oet
1196 3978 1248 4031 etc.

206 4063 243 4141 (2)
264 4065 333 4122 vide
352 4067 471 4138 Piruing
491 4065 543 4123 444.
564 4071 590 4120 4.
612 4067 658 4123 444.
682 4070 724 4122 44.
744 4082 774 4122 44.
798 4066 860 4123 45
847 4082 882 4124 aa
899 4066 966 4138 fiae.

205 4155 239 4217 (34
259 4158 326 4226 Cap.
347 4170 412 4212 cum
430 4157 466 4213 444
484 4165 536 4212 too
554 4155 673 4212 44444444·
690 4162 706 4210 4
726 4162 751 4213 et
771 4156 828 4214 4444.
832 4160 909 4230 ‚qut
927 4155 1062 4213 matrim.
1079 4165 1214 4211 4444444444
1233 4166 1297 4224 pos·

143 4250 203 4301 444444
221 4251 275 4302 ew.
578 4250 594 4297 ‘o'

209 4337 245 4408 (4)
263 4335 382 4407 Pirhing
400 4335 452 4392 444.
472 4340 497 4390 4.
518 4335 567 4392 444.
591 4339 632 4388 44.
653 4349 705 4390 aa.
726 4338 826 4392 6--.78

209 4424 244 4496 (5)
263 4427 330 4496 cap.
351 4424 517 4496 4444444444,
540 4422 599 4480 cod.
621 4421 667 4481 444.
690 4423 745 4480 Sed
763 4423 826 4480 vido
844 4381 1056 4496 Pirlringt'btd.
1075 4436 1128 4478 4444.
1151 4423 1203 4474 44-
1206 4422 1251 4476 44.

210 4511 247 4588 (6)
266 4516 334 4585 cap.
354 4513 518 4573 44444444.
537 4512 598 4569 aod.
618 4512 696 4570 ct.-
708 4511 779 4569 Vide
797 4511 915 4586 Pirhinq
933 4511 1008 4571 4444.
1027 4528 1059 4569 44.
1081 4514 1125 4566 44.
