3444 5302
675 425 753 488 ..9
779 457 810 470 -

164 565 283 656 ptores
310 551 493 657 explicant
521 553 595 658 (l).
637 553 702 632 llis
734 567 854 634 autom
891 553 1098 660 nuptiarum
1129 551 1328 630 absolvitur

164 673 409 770 subarrhatio,
440 701 482 756 ao
508 671 630 782 spousi
659 676 904 759 dimittuntur.

244 797 449 878 Notandum
478 813 599 880 tamen
626 799 722 905 quod
752 800 935 880 hodiernis
962 798 1199 880 Orientalium
1226 797 1335 876 mori·

164 919 234 997 bus
261 920 502 1000 ecclesiastica
534 922 578 1004 de
610 922 733 1004 luturo
765 923 946 1028 sponsalia
978 922 1051 1004 lere
1084 911 1334 1026 ubique'gen-

169 1043 256 1124 tium
275 1043 374 1124 haud
392 1045 568 1126 eiusmodi
588 1047 702 1128 aliare
716 1048 824 1128 simili
843 1047 1072 1130 celebrantur
1090 1045 1329 1127 solemnitate.

167 1172 210 1246 lu
244 1169 401 1248 omnium
437 1170 582 1276 quidem
619 1172 831 1278 populorum
869 1171 1105 1252 Orientalium
1142 1171 1334 1252 ritualibus

167 1291 291 1389 libris,
327 1308 368 1374 ut
395 1295 563 1375 solemnis
591 1297 847 1402 praescribitur
874 1297 966 1379 ritus
995 1295 1230 1376 benedicendi
1257 1321 1334 1374 ma-

168 1415 401 1512 trimonium,
441 1421 492 1499 ita
527 1433 562 1498 ot
591 1420 683 1500 ritus
711 1421 866 1502 babetur
897 1421 1065 1502 solemnis
1097 1419 1332 1502 benedicendi

168 1541 348 1644 sponsalia
379 1540 424 1621 dc
456 1542 590 1624 luturo.
631 1549 763 1624 Verum
795 1544 891 1650 apud
924 1569 1046 1626 omues
1078 1543 1151 1624 lero
1183 1545 1334 1651 populos

169 1665 368 1746 orientales
405 1667 597 1773 simplicior
634 1670 788 1750 invaluit
825 1669 871 1750 ab
904 1693 991 1749 aevo
1017 1695 1093 1748 mos
1129 1669 1333 1750 celebrandi

166 1791 361 1895 sponsalia,
393 1815 456 1898 per
478 1793 604 1872 annuli
623 1793 758 1872 scilicet
777 1792 1005 1874 traditionem
1024 1818 1142 1874 coram
1160 1795 1330 1898 parocho,

167 1914 229 2019 qni
258 1913 385 1995 breves
412 1915 553 2020 aliquas
581 1940 705 2022 preces
733 1917 883 1996 recitare
911 1916 1003 2011 solet
1029 1941 1138 2024 super
1166 1941 1330 2021 spousoS,
1376 1901 1379 1910 ¹

170 2052 211 2117 ut
237 2063 359 2118 eorum
383 2039 563 2144 sponsalia
592 2053 628 2118 ct
655 2065 720 2118 sua
748 2041 952 2144 praesentia
972 2053 1009 2120 ct
1028 2039 1194 2145 precibus
1222 2039 1336 2118 ecclc-

169 2160 315 2240 siastica
342 2160 509 2242 dicantur
528 2176 565 2242 et
584 2165 671 2258 sint,
702 2177 740 2242 ct
758 2165 795 2242 in
813 2164 938 2246 maiori
961 2163 1163 2244 habeantur
1182 2163 1330 2244 honore.

171 2286 268 2364 Talia
295 2285 399 2366 modo
426 2287 519 2366 liunt
545 2300 582 2366 ct
609 2288 836 2394 appellantur
864 2287 1008 2392 publica
1035 2301 1072 2368 et
1094 2287 1335 2368 ecclesiastica
1428 2361 1435 2380 ,
1539 2328 1543 2336 ·

170 2410 349 2514 sponsalia
369 2410 464 2516 apud
485 2411 700 2504 Orientalcs,
731 2413 894 2517 quamvis
923 2411 1021 2492 baud
1046 2411 1249 2492 solemniori
1276 2435 1335 2490 oo-
1455 2462 1460 2471 -

171 2535 309 2616 lobrata
337 2537 424 2618 ritu.

251 2671 290 2740 5.
321 2665 396 2740 lam
415 2687 498 2742 vcro
527 2661 627 2742 iuxta
647 2661 901 2763 Euobologium
925 2661 955 2740 si
979 2660 1115 2765 spousi,
1147 2673 1227 2765 post
1245 2659 1335 2738 inita

172 2785 320 2866 solemni
347 2787 420 2865 ritu
446 2786 651 2891 sponsalia,
688 2785 801 2864 velint
828 2783 952 2864 codem
979 2797 1160 2889 ternpore,
1191 2796 1233 2862 ut
1259 2782 1338 2887 plc-

172 2935 321 3016 rumquo
340 2909 394 3004 lit,
425 2909 601 3003 coronari,
631 2933 703 3014 quo
730 2909 993 2988 matrimonium
1016 2906 1248 3001 contrahunt,
1277 2906 1336 2984 iu-

174 3033 385 3138 grodiuntur
412 3034 584 3140 templum
615 3057 697 3112 oum
729 3031 841 3112 corcis
873 3030 1059 3124 accensis,
1098 3027 1334 3134 praecedente

174 3183 253 3238 cum
281 3157 466 3240 thuribulo
493 3157 699 3252 sacerdote,
730 3158 792 3262 qui
820 3155 930 3234 variis
956 3153 1116 3234 recitatis
1143 3151 1332 3258 precibuS,

174 3283 306 3387 quibus
332 3286 446 3362 Deum
472 3295 602 3386 rogat„
641 3293 682 3360 ut
710 3281 846 3386 nuptiis
873 3281 1086 3385 sponsisque
1117 3274 1334 3370 benedicat,
1402 3330 1407 3336 -

174 3409 369 3488 orationem
398 3405 546 3513 profert,
577 3431 686 3512 quam
713 3405 864 3485 Goarius
882 3429 926 3482 er
955 3427 1080 3507 gracco
1105 3403 1156 3482 ita
1185 3401 1337 3482 fideliter

175 3530 305 3610 rcrtit:
338 3535 470 3612 «Deus
498 3543 635 3624 sancte,
665 3529 728 3634 qui
747 3553 766 3608 e
786 3528 934 3634 pulvere
962 3528 1138 3607 homiuem
1158 3524 1333 3619 formasti,

178 3671 255 3736 «et
282 3681 327 3736 cr
354 3655 431 3735 eius
458 3668 555 3735 costa
578 3653 765 3734 mulierem
798 3651 1022 3745 aedificasti,
1062 3649 1234 3754 copulans
1261 3673 1339 3728 eam

178 3781 285 3875 «illi,
317 3792 357 3858 ut
385 3779 601 3858 adiutorium
629 3778 743 3858 simile
771 3777 868 3884 ipsi,
908 3777 994 3881 quia
1021 3776 1072 3854 sic
1099 3773 1339 3877 magnitudini

178 3919 303 3986 ‹tuae
330 3901 466 4008 placuit
493 3927 565 3982 non
593 3927 671 3982 esse
699 3901 877 3982 hominem
905 3900 1018 3980 solum
1046 3923 1153 4004 super
1182 3911 1335 3978 terram:

179 4029 296 4136 «ipsc
323 4051 420 4106 nuuc
439 4027 586 4106 Domine
613 4024 736 4105 omitto
764 4049 908 4103 manum
928 4036 1026 4102 tuam
1054 4021 1098 4100 da
1127 4035 1250 4100 sancto
1273 4021 1341 4098 ha·

178 4185 197 4228 ι
219 4151 375 4233 bitaculo
394 4165 471 4244 tuo,
501 4163 538 4231 et
556 4150 718 4230 consocia
747 4173 889 4228 servum
916 4159 1019 4224 tuum
1037 4147 1083 4224 N.
1114 4157 1152 4223 ct
1174 4143 1339 4222 ancillam

248 4346 287 4421 (1)
307 4347 355 4406 ctr
373 4345 494 4404 autoire
512 4346 563 4401 cr't.
583 4343 712 4416 append.
734 4344 772 4400 Dc
790 4339 946 4402 mennatis
967 4337 1106 4400 semaa
1133 4335 1215 4397 droa
1231 4335 1339 4395 mutri-

175 4441 310 4498 montum
327 4434 496 4507 disciplina,
516 4445 588 4504 pao.
607 4438 670 4490 357.
