3456 5300
21 25 232 180 '-

661 511 817 581 481-

152 646 380 722 nunciamus.
412 643 515 722 Tales
542 641 636 722 enim
665 667 702 720 re
731 643 809 749 ipsa
837 663 1046 719 concurrere
1075 653 1226 744 possunt
1252 641 1324 721 cir·
1398 657 1402 668 '

150 766 403 861 eumstnntiae,
434 791 635 870 quaecum
674 765 805 860 abeo,
835 763 898 870 qni
929 761 1133 842 facultatem
1174 763 1321 870 dispen-

154 889 273 984 sandi,
296 887 420 984 habet,
443 913 621 994 expensae
650 887 797 983 luerint,
828 885 964 966 aditum
984 886 1148 990 aperiant
1175 913 1320 967 eonces-

152 1011 243 1088 sioni
263 1011 441 1116 legitimae
461 1011 752 1117 dispensationis,
774 1011 877 1090 onius
897 1009 931 1088 vi
947 1007 1209 1088 matrimonium
1225 1011 1319 1090 inter

151 1147 287 1238 partes,
312 1135 527 1213 haereticam
542 1161 663 1225 unam,
687 1135 908 1239 alteramque
926 1131 1152 1228 catholicam,
1184 1133 1322 1214 licitum

151 1255 339 1353 reddatur,
370 1273 411 1338 ut
438 1259 524 1336 alibi
552 1259 876 1339 demonstrabimus
905 1258 964 1360 (1)
988 1285 1023 1334 ›.

236 1391 299 1460 il.
331 1385 422 1462 Hinc
449 1381 623 1461 eiusmodi
657 1379 942 1487 dispensationes
980 1379 1172 1485 apostolica
1211 1379 1320 1460 Sedes

151 1529 224 1582 non
253 1505 415 1584 concedit
443 1507 511 1584 nisi
539 1505 607 1584 sub
636 1505 733 1584 hisce
761 1503 1049 1584 conditionibus:
1084 1515 1123 1582 1ο
1151 1507 1199 1584 Ut
1228 1505 1324 1585 absit

151 1653 217 1733 pro
245 1643 348 1734 parte
380 1629 554 1708 catholica
597 1628 835 1735 perversionis
877 1627 1088 1732 periculum,
1120 1627 1210 1732 quin
1252 1629 1322 1707 imo

151 1753 351 1832 catholicus
379 1755 455 1858 ipse
496 1753 626 1830 eonius
655 1752 769 1831 teneri
811 1777 850 1830 se
877 1753 967 1830 seiat
995 1749 1040 1828 ad
1082 1751 1320 1830 acatholicum

151 1903 218 1984 pro
256 1875 393 1955 viribus
434 1877 480 1954 ab
522 1901 640 1955 errore
669 1873 948 1971 retrahendum;
971 1920 995 1934 -
1016 1883 1055 1953 2⁰
1083 1885 1123 1952 ut
1166 1875 1322 1954 iniantes

152 2001 346 2104 utriusque
374 2025 482 2078 sexus
509 2025 553 2078 ex
582 1999 806 2079 matrimonio
851 1998 1039 2093 nascituri,
1070 1997 1108 2075 in
1149 1997 1322 2102 religione

149 2125 327 2203 catholica
357 2121 532 2202 educandi
560 2125 656 2219 sint;
679 2167 703 2182 -
723 2133 761 2202 3⁰
788 2136 830 2201 ut
857 2123 905 2202 sit
933 2123 1025 2202 ratio
1053 2122 1207 2230 gravis(
1236 2121 1266 2229 ).

238 2259 299 2328 12.
323 2253 437 2338 Ouum
457 2261 576 2327 autem
605 2247 808 2326 intercessit
827 2247 1041 2352 apostelicae
1057 2246 1159 2326 Sedis
1179 2245 1325 2353 dispen-

150 2373 261 2466 satio,
302 2372 479 2478 parochus
506 2371 602 2450 licite
644 2385 763 2476 potest
790 2371 903 2454 mixto
931 2371 1098 2450 assistere
1140 2371 1319 2475 coniugio.

150 2501 209 2576 lta
238 2496 332 2574 enim
362 2503 399 2573 S.
435 2501 473 2573 C.
505 2493 670 2600 inquisit.
690 2493 734 2572 ad
755 2495 848 2573 hanc
874 2496 1119 2599 quaestionem
1140 2496 1324 2601 respondit
1361 2597 1365 2608 ·

149 2621 213 2699 die
243 2629 291 2700 20
321 2617 519 2698 decembris
549 2627 713 2698 1838:‹
746 2621 781 2697 Si
811 2619 923 2714 altera
951 2645 1035 2724 pars
1063 2619 1110 2699 sit
1129 2621 1319 2719 catholica,

150 2743 302 2824 obtenta
331 2742 597 2847 dispensatione
617 2741 662 2819 ab
691 2740 944 2847 impedimento
971 2744 1103 2822 mixtae
1122 2744 1319 2847 religionis,

148 2879 189 2946 et
218 2865 372 2945 servatis
399 2865 513 2945 solitis
541 2865 712 2944 clausulis
740 2879 777 2945 et
804 2865 1083 2963 conditionibus,
1115 2867 1280 2948 licere».

234 2989 286 3067 hd
314 2989 598 3068 benedictionem
645 2987 742 3094 quod
772 2990 916 3086 attinet,
948 2991 1058 3069 citata
1108 2994 1319 3091 Instructio,

148 3111 250 3196 edita
279 3137 344 3218 pro
372 3111 550 3190 austriaca
570 3111 726 3207 Ditione,
752 3111 840 3190 haec
867 3112 995 3192 habat:
1030 3143 1047 3187 <
1072 3115 1230 3194 Ecclesia
1260 3115 1324 3196 de-

148 3249 309 3315 testatur
337 3233 493 3316 fidelium
521 3261 601 3314 cum
621 3236 794 3340 apostatis
823 3235 1005 3340 coniugia3
1037 3237 1213 3343 improbat
1232 3265 1324 3345 quo-

149 3385 224 3466 que
266 3357 490 3437 matrimonia
518 3363 613 3437 inter
649 3359 841 3439 catholicos
869 3373 906 3438 et
933 3385 1005 3438 non
1047 3362 1254 3458 catholicos,
1286 3378 1323 3442 et

151 3481 200 3560 ab
228 3481 273 3560 iis
288 3481 455 3560 ineundis
469 3507 552 3560 suos
567 3469 790 3561 dehortatur.
813 3482 1003 3572 -Quodsi
1026 3497 1143 3564 tamen
1171 3487 1238 3565 hoc
1251 3511 1324 3565 non

153 3604 322 3684 obstante
338 3607 430 3684 inter
445 3605 636 3684 catholicos
652 3618 687 3684 et
711 3605 925 3684 acatholicos
953 3609 1217 3687 matrimonium
1238 3632 1325 3687 con-

152 3727 335 3822 trahatur,
358 3725 426 3805 nisi
442 3729 631 3833 utriusque
646 3754 755 3808 serus
782 3727 935 3833 prolium
950 3731 1126 3812 catholica
1153 3731 1324 3811 educatio

153 3973 348 4029 matrimoniis
368 3973 477 4031 murae
494 3975 651 4046 religionis
664 3975 694 4032 in
709 3975 892 4048 propriarum
908 3978 1072 4034 animarum
1086 3977 1242 4050 perniciem
1256 3991 1321 4035 con·

151 4063 303 4119 trahendis
323 4062 479 4119 catholicos
497 4064 684 4120 absterreant.
1298 4077 1302 4086 ·

225 4171 260 4242 ll]
274 4171 415 4228 Benedici.
427 4171 486 4228 ΧΗ
499 4173 535 4226 De
548 4172 665 4244 synodo
678 4169 729 4228 tib.
741 4177 769 4227 t.
780 4187 843 4243 cup.
854 4178 881 4228 5.
894 4189 924 4230 n.
938 4177 963 4230 e
976 4177 1022 4228 -et
1034 4171 1100 4230 vida
1112 4171 1163 4229 tte.
1176 4179 1202 4230 9.
1214 4187 1277 4246 cup.
1289 4177 1318 4232 5.

227 4255 266 4330 (t)
285 4257 333 4316 Cir
357 4253 498 4312 benedict.
530 4257 589 4314 xiv
620 4256 791 4330 DeSyaodo
821 4255 872 4312 tto.
894 4262 920 4312 9.
946 4271 1009 4328 cop.
1031 4259 1058 4312 ὅ.
1078 4271 1109 4312 a.
1130 4261 1157 4312 5.
1185 4287 1218 4296 -
1254 4256 1323 4314 vide

152 4345 244 4405 etiam
263 4347 292 4402 in
316 4346 480 4418 Appendiee
498 4349 515 4402 5
535 4345 621 4404 buiris
648 4347 743 4418 operis
767 4345 989 4404 instructionem
1015 4359 1088 4415 quae
1113 4344 1232 4417 incipit:
1258 4347 1323 4405 Etsi

150 4431 378 4499 Sanctissimae,
417 4429 497 4488 iussu
517 4433 557 4488 Pii
577 4433 614 4489 lx
632 4432 668 4488 ad
687 4447 788 4489 omnes
813 4445 961 4489 sacrorum
986 4431 1136 4490 Antistites
1157 4433 1243 4504 missa
1264 4435 1320 4493 suh

153 4517 206 4575 die
226 4519 260 4574 15
278 4515 444 4574 novembris
463 4517 542 4576 1858.

226 4607 363 4651 numus.
379 4605 412 4650 lie
425 4603 620 4664 Impedimerrtic.
1257 4609 1270 4649 s
