3406 5302
660 433 695 447 -
718 404 776 463 265
799 434 835 446 -

248 529 283 606 Si
312 525 403 606 lacta
432 527 596 629 superins
625 540 790 604 enarrata
818 550 904 630 prae
932 524 1044 604 oculis
1072 523 1276 602 habeantur
1296 536 1331 602 et

168 675 248 728 curn
277 651 364 730 iuris
390 649 576 756 principiis
603 649 846 743 conferantur,
878 647 1080 728 huiusmodi
1110 649 1147 726 in
1176 647 1332 726 themate

168 775 330 879 quaestio
358 773 478 852 forsan
507 775 653 876 indigna
682 772 961 868 existimabitur,
984 797 1076 877 quae
1096 798 1212 850 coram
1233 797 1332 850 sacro

168 898 236 976 hoc
266 899 398 984 Ordine
426 899 635 992 ventiletur,
674 898 808 1002 quippe
836 897 978 976 nonnisi
1011 896 1184 1000 imperitis
1212 894 1331 973 lucum

167 1021 283 1102 lacere
312 1037 456 1128 possent
485 1035 695 1127 argumenta
723 1049 766 1102 err
796 1023 862 1102 hoc
889 1021 1004 1126 capite
1020 1021 1057 1098 in
1076 1020 1230 1100 medium
1250 1044 1333 1124 pro-

167 1148 240 1226 lata
269 1175 289 1225 a
317 1146 502 1228 defensore
530 1147 745 1226 matrimonii
774 1173 818 1226 er
838 1147 952 1226 officio
970 1149 1008 1224 in
1026 1146 1140 1252 prima
1159 1146 1331 1224 instantia

169 1271 251 1376 (cfr
280 1297 398 1376 praec.
431 1297 469 1350 o.
501 1273 563 1374 9).
596 1271 834 1350 Nihilominus
852 1271 1333 1376 quoniamartilicioso'quo-

168 1395 249 1474 dem
277 1397 453 1474 rationum
474 1409 581 1500 atque
601 1395 854 1474 auctoritatum
874 1409 1050 1500 apparatu
1064 1411 1327 1500 proponuntur,

168 1545 212 1599 ue
241 1521 436 1626 quidquam
465 1519 566 1598 dubii
594 1545 782 1624 superesse
810 1519 989 1613 videatur,
1025 1545 1102 1598 eam
1130 1523 1181 1598 sic
1208 1520 1332 1624 paucis
1356 1623 1363 1634 ι

168 1643 307 1723 diluere
335 1644 555 1750 supcrlluum
583 1643 694 1739 hand,
726 1657 768 1723 ut
786 1657 887 1749 puto,
910 1643 1187 1722 existimabitur.

248 1773 322 1847 Iam
365 1769 520 1848 vidimus
557 1767 645 1874 (uu.
683 1766 839 1870 etr-25)
878 1766 1109 1846 tridentinam
1149 1767 1329 1874 Synodum

167 1893 267 1998 (sess.
300 1901 371 1972 at.
403 1919 434 1972 c.
471 1891 510 1997 l)
538 1891 637 1970 nulla
666 1905 775 1996 atquc
804 1891 904 1969 irrita
933 1915 975 1968 ea
1005 1889 1182 1970 connubia
1210 1891 1334 1970 decre-

167 2017 260 2094 visse
289 2041 382 2120 quae
411 2016 515 2094 aliter
543 2040 650 2120 quam
678 2028 866 2119 praesente
885 2013 1040 2119 parocho
1060 2029 1096 2094 ct
1114 2013 1254 2092 duobus
1274 2014 1330 2095 vel
1405 2036 1413 2056 ⁴

170 2139 285 2218 tribus
313 2139 466 2218 testibus
499 2138 779 2218 celebrarentur.
821 2141 1033 2216 Decreverat
1065 2139 1210 2242 insuper
1240 2167 1258 2210 c
1290 2151 1331 2216 ut

171 2264 412 2342 «huiusmodi
440 2263 620 2342 decretum
648 2261 687 2340 iu
715 2287 928 2368 unoquoque
951 2261 1123 2367 parochio
1150 2287 1253 2344 suum
1274 2288 1332 2340 ro-

172 2387 281 2466 ‹bur
308 2403 389 2492 post
418 2388 564 2488 triginta
603 2386 679 2464 dies
708 2385 840 2464 habere
877 2385 1025 2490 incipiat
1053 2412 1072 2462 a
1101 2384 1159 2464 die
1196 2385 1330 2490 primae

172 2542 189 2584 r
212 2511 467 2616 publicationis
495 2512 532 2588 in
560 2509 684 2590 eadem
711 2509 879 2614 parochia
898 2508 1011 2588 lectae
1030 2510 1269 2588 numerandos
1291 2541 1326 2588 ».

169 2639 221 2714 Ex
252 2635 308 2714 his
337 2649 456 2714 autem
484 2633 631 2712 evidens
659 2645 727 2728 est,
759 2632 855 2736 quod
883 2633 921 2710 io
940 2633 1026 2712 locis
1045 2633 1107 2712 ubi
1128 2633 1330 2714 huiusmodi

171 2757 370 2838 Tridentini
400 2759 580 2837 decretum
618 2757 685 2835 rite
713 2756 974 2862 promulgatum
1007 2782 1079 2836 non
1107 2755 1189 2853 luit,
1220 2759 1332 2836 nemi·-

169 2909 248 2962 uem
268 2884 414 2987 obligat.
433 2884 525 2962 Hinc
544 2894 656 2987 patet,
676 2880 898 2959 matrimonia
918 2880 1049 2960 ucdum
1071 2881 1330 2962 haereticorum

169 3010 262 3086 inter
291 3033 328 3086 se
357 3020 392 3085 et
419 3007 545 3101 mixta,
577 3005 639 3084 sed
660 3005 765 3082 etiam
786 3003 1055 3100 catholicorum,
1078 3004 1330 3110 impedimento

169 3131 469 3210 clandestinitatis
506 3129 694 3207 dirimente
721 3152 793 3205 uon
822 3127 936 3205 teneri
964 3127 1025 3205 ubi
1059 3128 1232 3208 eiusmodi
1263 3155 1331 3234 pu-

169 3255 312 3335 blicatio
340 3279 563 3359 quacumque
592 3253 635 3330 de
673 3277 780 3330 cansa
814 3249 906 3329 lacta
935 3277 1006 3328 uon
1039 3251 1159 3330 luerit.
1200 3258 1331 3334 Verum

169 3381 298 3458 acriter
326 3379 546 3484 disceptatur
574 3402 621 3454 an
649 3401 691 3454 eo
724 3375 977 3479 impedimento
1010 3375 1166 3455 invalida
1195 3381 1331 3460 censeri

169 3501 323 3582 debeant
351 3501 573 3582 clandestina
601 3499 826 3578 matrimonia
853 3499 929 3577 sire
958 3499 1231 3595 haereticorum,
1256 3505 1330 3582 sire

167 3653 229 3732 per
258 3627 546 3707 individuitatem
580 3636 783 3704 contractus
817 3625 1040 3702 matrimonia
1074 3625 1185 3703 mixta
1218 3626 1262 3704 iis
1293 3627 1332 3705 in

166 3750 253 3829 locis
280 3751 458 3830 celebrata
486 3755 523 3832 in
555 3751 687 3856 quibus
715 3747 912 3827 Tridentini
932 3749 1115 3828 decretum
1136 3749 1244 3828 luerit
1264 3776 1332 3855 pu-

167 3871 350 3952 blicatum.
384 3877 509 3953 Omma
539 3873 703 3979 persequi
732 3897 824 3976 quae
852 3872 895 3950 de
925 3873 992 3952 hac
1011 3872 1191 3951 salebrosa
1220 3899 1332 3978 quae-

168 3999 281 4078 stione
310 4001 361 4077 sic
387 4001 582 4103 pouerotclo
611 4010 752 4102 sumpta
772 3996 962 4101 disceptari
978 4010 1137 4102 possent,
1156 3998 1256 4078 labor
1275 4025 1332 4078 es-

170 4135 220 4202 set
249 4121 432 4226 improbus
461 4124 560 4202 iuxta
598 4147 638 4200 ac
671 4120 880 4234 superfluus·
912 4121 949 4198 in
982 4120 1151 4216 themate,
1187 4121 1272 4200 dum
1300 4123 1331 4202 si

168 4241 268 4324 lubet
296 4245 407 4326 uideri
436 4259 587 4351 possunt
614 4270 706 4348 quae
734 4241 811 4322 luse
840 4243 887 4320 iu
905 4267 982 4321 eam
1019 4258 1180 4323 recenter
1208 4245 1331 4324 elucu-

170 4363 284 4446 brarit
311 4373 465 4448 Perrone
493 4369 536 4474 (l.
568 4395 600 4446 c.
631 4365 693 4446 lib.
726 4375 764 4445 ⁹2.
795 4377 878 4446 sect.
913 4376 949 4446 1.
981 4391 1012 4444 c.
1047 4365 1102 4470 6).
1134 4368 1331 4472 Praecipua
