3446 5298
846 453 883 465 -
905 419 964 482 tert
984 453 1021 466 -

346 571 413 624 nae
442 571 483 625 eo
514 546 734 626 transierant
763 547 1021 627 habitationem
1041 545 1102 624 illo
1121 546 1196 624 solo
1216 549 1347 640 animo,
1371 560 1412 625 ut
1431 544 1516 622 abs·

347 695 419 774 que
446 669 601 774 parocho
630 685 667 749 et
695 672 848 749 testibus
876 671 1089 749 contrahant
1108 715 1164 746 -.

428 799 503 873 Hoc
542 809 661 874 autem
705 795 940 899 Congregatio
980 793 1080 873 dedit
1100 819 1358 900 ,responsumz
1395 794 1458 872 Die
1494 803 1516 872 5

349 918 563 1022 septembris
598 926 696 996 tout
726 922 762 996 S.
797 923 835 996 C.
866 918 915 998 od
948 918 1109 1024 primum
1146 929 1179 996 et
1215 917 1405 996 secuudum
1442 942 1517 996 res-

344 1042 490 1149 pondit,
526 1068 594 1120 ooo
628 1068 698 1120 esse
736 1041 934 1147 lepitimum
969 1042 1240 1120 matrimonium
1276 1043 1370 1120 iuter
1403 1041 1452 1117 sic
1484 1065 1520 1117 se

349 1165 603 1270 transferentes
631 1177 664 1244 et
692 1177 913 1244 transcuntes
946 1191 1025 1244 cum
1057 1164 1201 1270 froude.
1238 1211 1262 1225 -
1290 1164 1344 1242 Ad
1372 1162 1518 1242 tertium

349 1289 545 1396 respoudit,
557 1290 629 1368 uisi
642 1289 863 1370 domicilium
877 1315 956 1369 cero
970 1292 1230 1394 transferatur,
1247 1290 1518 1384 matrimonium

350 1439 420 1491 noa
448 1439 518 1491 esse
545 1411 720 1492 ualidam.

431 1538 677 1617 Institerunt.
704 1598 712 1615 .
740 1598 749 1614 .
772 1537 886 1642 (Dicit
926 1538 1057 1616 arton.
1101 1545 1183 1616 VIII
1197 1538 1420 1642 confirmasse
1453 1563 1519 1642 per

351 1669 462 1739 Breve
476 1661 566 1739 dunc
585 1659 832 1740 resolutionem
853 1669 891 1738 S.
909 1667 946 1740 G.
969 1673 1003 1739 et
1017 1663 1286 1768 prosequitur).⁴
1301 1663 1416 1739 liuius
1436 1684 1519 1739 vero

353 1785 573 1864 delinitionis
611 1798 781 1865 contextu
815 1785 905 1864 bene
932 1810 1121 1891 perpenso,
1157 1785 1259 1866 facile
1288 1786 1515 1888 intelligitur,

353 1909 577 1988 matrimonia
615 1908 729 2012 primo
757 1932 797 1985 ac
829 1909 986 1987 secundo
1018 1909 1093 1987 loco
1121 1909 1300 2016 exposita,
1340 1909 1451 1987 irrita
1478 1935 1520 1988 ac

351 2030 454 2110 uuila
470 2030 515 2108 ab
535 2031 658 2110 eadem
679 2033 957 2134 Congregatione
976 2033 1115 2110 decerni
1134 2059 1172 2110 ea
1186 2033 1271 2137 quia
1285 2033 1390 2137 froas
1406 2040 1520 2112 iater-

352 2155 470 2246 cessit·
490 2152 647 2232 validum
667 2168 787 2233 autem
805 2155 942 2233 censeri
957 2157 1221 2235 matrimonium
1238 2156 1343 2236 tertio
1362 2156 1438 2236 loco
1457 2181 1523 2262 po-

352 2281 475 2372 situm,
507 2279 544 2354 in
572 2301 644 2382 quo
680 2277 761 2356 licet
799 2277 896 2355 lraus
934 2277 1188 2380 intercesserit,
1229 2280 1461 2358 nihilominus
1489 2281 1520 2358 is

352 2401 415 2504 qui
442 2400 705 2479 matrimonium
734 2401 928 2496 contrahit,
960 2415 1153 2506 antequam
1186 2402 1275 2481 illud
1304 2403 1424 2498 iniret,
1456 2403 1520 2481 do-

353 2523 526 2602 micilium
555 2549 618 2602 seu
646 2523 994 2628 quusi-domicilium
1023 2526 1176 2630 adeptus
1203 2539 1280 2604 erat
1300 2553 1340 2606 eo
1361 2527 1397 2604 in
1425 2527 1515 2624 loco,

353 2646 415 2726 ubi
443 2647 707 2726 matrimonium
736 2647 862 2726 inivit:
894 2649 974 2728 Nisi
1001 2647 1220 2728 domicilium
1252 2676 1332 2728 uere
1364 2651 1522 2755 transse-

352 2781 470 2846 ratar.
503 2768 686 2872 Siquidem
707 2793 838 2848 norum
858 2795 928 2848 non
948 2783 1015 2865 est,
1038 2795 1156 2874 neque
1176 2771 1401 2867 inusitatum,
1424 2772 1521 2877 quod

354 2894 436 2997 quis
464 2893 681 2971 domicilium
717 2892 849 2972 habeat
877 2894 997 2999 aliquo
1026 2897 1063 2972 in
1091 2895 1182 2993 loco,
1213 2910 1249 2976 et
1276 2895 1523 3000 quasi-domi-

354 3017 474 3096 cilium
504 3017 723 3123 adipiscatur
751 3021 787 3096 in
817 3019 903 3096 alio:
936 3021 973 3096 in
1001 3043 1071 3124 quo
1091 3045 1207 3098 rerum
1237 3033 1332 3099 statu
1351 3021 1381 3098 si
1401 3045 1521 3100 uerse-

354 3154 425 3236 tur,
459 3155 545 3221 tunc
573 3141 688 3220 eidem
716 3142 869 3221 liberum
897 3143 980 3238 erit,
1011 3145 1273 3223 matrimonium
1307 3145 1518 3225 contrahere

354 3291 471 3345 coram
499 3267 559 3345 illo
586 3268 756 3372 parocho,
788 3271 882 3348 intra
911 3270 1012 3348 cuius
1040 3271 1328 3374 paroeciaeiines
1357 3285 1444 3350 tunc
1464 3273 1520 3349 in-

355 3392 494 3471 habitat
522 3417 601 3470 cum
629 3393 854 3471 matrimonio
882 3393 1059 3497 iungitur,
1078 3397 1178 3473 iuxta
1199 3419 1417 3474 communem
1438 3421 1521 3474 sen-

354 3517 503 3595 tentiam
533 3543 553 3594 a
581 3515 691 3595 Nobis
730 3517 877 3596 relatam
914 3519 1160 3623 sancitamque
1188 3519 1226 3596 in
1255 3519 1419 3624 superius
1447 3545 1521 3597 me·

355 3655 492 3719 morata
529 3639 761 3720 Institutione
800 3655 920 3721 nostra
957 3642 1197 3722 ecclesiastica
1228 3641 1265 3719 lo
1299 3651 1346 3722 33
1387 3643 1518 3721 latinae

355 3764 536 3843 editionis.

431 3889 595 3968 Firmiter
622 3888 795 3967 eiusmodi
822 3889 1007 3994 principiis
1036 3915 1175 3994 semper
1203 3889 1368 3969 adhaesit
1396 3891 1519 3970 eadem

357 4014 603 4118 Congregatio,
634 4013 928 4118 quotiescumque
956 4015 1126 4094 materiae
1147 4013 1254 4093 huius
1274 4013 1519 4094 discutiendae

355 4163 392 4216 se
420 4163 458 4217 se
486 4137 585 4218 dedit
612 4142 765 4217 occasio:
788 4142 919 4219 etenim
939 4139 976 4217 in
991 4139 1145 4244 quadam
1166 4139 1314 4218 Ituran.
1338 4143 1518 4246 proposita

355 4263 421 4342 sub
441 4263 497 4342 die
520 4273 535 4343 1
561 4263 758 4343 decembris
781 4271 897 4359 1610,
914 4263 976 4342 lib.
999 4272 1046 4343 16
1064 4271 1242 4343 Decretor.
1258 4291 1297 4370 p.
1319 4273 1515 4360 tro-tur,

354 4389 404 4464 ita
424 4387 629 4491 respondit:
650 4394 762 4465 Sacra
776 4403 844 4470 etc.
863 4387 1014 4474 censuit,
1029 4413 1099 4466 uon
1113 4385 1231 4466 ualere
1250 4388 1518 4467 matrimonium
