3456 5300
855 511 892 525 ..
913 478 952 540 92
974 511 1013 526 .-

434 611 497 682 17.
528 606 596 681 Pro
624 602 850 707 susceptione
878 601 1065 696 Ordinum,
1096 600 1141 680 de
1168 601 1312 680 licentia
1341 600 1516 706 coniugis,

352 726 477 808 eadem
497 740 583 806 sunt
601 726 823 806 observanda
838 752 930 832 quae
950 727 988 804 in
1007 724 1225 831 professione
1240 725 1422 829 religionis
1441 726 1458 832 (
1484 726 1516 828 l.

436 861 496 932 18.
528 852 689 932 Breviter
719 876 816 931 nunc
847 850 1124 956 inquirendum,
1150 877 1207 952 ,an
1238 852 1345 930 etiam
1380 853 1417 930 in
1454 857 1522 930 Ec-

352 977 462 1058 clesia
494 976 671 1056 Orientali
698 991 773 1056 tum
802 975 911 1072 Ordo,
943 988 1019 1054 tum
1047 975 1211 1078 religiosa
1234 975 1406 1082 professio
1434 975 1522 1057 diri·

352 1115 453 1182 mant
480 1102 744 1181 matrimonium
772 1099 1072 1184 contrahendum.

438 1235 501 1304 19.
532 1229 578 1304 Et
605 1224 814 1330 primumde
836 1225 981 1304 Ordine.
1004 1228 1097 1303 Num
1116 1221 1153 1300 in
1172 1219 1329 1300 Ecclesia
1349 1220 1521 1300 Orientali

354 1353 463 1431 etiam
492 1349 587 1430 Ordo
607 1353 653 1430 sit
680 1351 970 1456 impedimentum
998 1348 1169 1427 dirimens
1187 1347 1415 1442 matrimonii,
1448 1347 1523 1426 dis-

354 1489 488 1581 putant
518 1474 672 1578 theologi
700 1490 736 1555 et
767 1475 986 1570 canonistae,
1017 1488 1055 1554 et
1086 1471 1204 1552 adbuc
1235 1470 1303 1550 sub
1335 1471 1451 1551 iudice
1478 1469 1524 1548 lis

354 1613 412 1678 est
441 1598 514 1705 (ἓ).
538 1645 562 1658 -
581 1598 796 1680 Benedictus
823 1604 904 1678 xlv
924 1597 983 1704 (3)
1003 1599 1053 1676 ita
1076 1595 1249 1676 eiusmodi
1277 1596 1531 1701 quaestionem.

356 1724 522 1828 exponit:
559 1725 669 1803 «niu
700 1725 924 1830 multumque
962 1723 1097 1826 agitata
1134 1734 1188 1802 est
1216 1721 1309 1800 iuter
1342 1721 1524 1823 theologos

356 1846 600 1926 controversia
634 1846 710 1944 illa,
746 1847 851 1954 plena
879 1847 985 1950 iurgii
1022 1872 1064 1926 ac
1096 1843 1253 1926 dissidii:
1277 1889 1299 1904 -
1319 1849 1380 1944 An·
1410 1843 1525 1922 solum

355 1970 535 2066 illicitum,
567 1971 623 2066 vel
650 1972 770 2076 potius
798 1971 961 2050 illicitum
989 1983 1024 2049 et
1052 1968 1246 2048 invalidum
1274 1968 1434 2074 reputari
1461 1967 1525 2046 de-

358 2091 459 2172 beret
487 2095 750 2174 matrimonium
779 2095 907 2174 initum
927 2097 964 2174 in
983 2094 1140 2173 Ecclesia
1163 2091 1340 2172 Orientali
1354 2105 1434 2197 post
1453 2091 1525 2172 col·
1594 2096 1598 2104 '

359 2217 529 2296 lationem
557 2243 736 2296 sacmrum
770 2217 957 2314 Ordinum,
993 2215 1290 2322 quomadmodum
1322 2215 1459 2294 nullum
1487 2227 1525 2294 et
1642 2293 1654 2322 ,

359 2342 501 2422 irritum
528 2357 717 2448 reputatur
744 2345 781 2422 in
810 2344 967 2422 Ecclesia
990 2341 1207 2422 Occidentoli
1221 2388 1259 2420 -.
1281 2341 1419 2422 Placuit
1438 2364 1524 2418 sane

360 2466 540 2569 pluribus
571 2466 734 2546 oolidurn
753 2467 816 2546 sed
832 2466 1001 2546 illicitam
1015 2468 1152 2546 censeri
1170 2465 1300 2546 debere
1320 2461 1524 2544 huiusmodi

360 2590 638 2684 matrimonium,
669 2602 746 2668 tum
773 2593 858 2694 quia
886 2591 1078 2680 canonicae,
1103 2591 1305 2688 sanctiones
1327 2603 1365 2668 et
1383 2587 1524 2668 decreta

359 2715 538 2794 Ecclesiae
567 2715 806 2809 Occidentalis
833 2714 929 2806 illud¹
951 2715 1128 2794 irritantia
1158 2715 1323 2820 protendi
1342 2741 1414 2792 non
1441 2739 1525 2820 pos·

358 2855 445 2920 sunt
471 2840 590 2936 indole
618 2868 683 2920 sua
711 2840 756 2920 ad
784 2841 977 2920 Ecclesiam
1006 2840 1241 2939 Orientalem3
1264 2853 1339 2919 tum
1361 2843 1446 2946 quia
1466 2863 1525 2918 ca-

359 2989 471 3052 nones
499 2963 631 3072 Synodi
660 2964 862 3059 Trullanaa
893 2988 1044 3068 quorum
1072 2988 1250 3068 sempera
1269 2965 1526 3042 Graeciscom·

359 3083 526 3168 mend'ata
558 3075 626 3168 luit
664 3089 872 3183 auctoritas,
904 3087 1031 3166 nullibi
1064 3113 1230 3192 expresse
1262 3086 1451 3166 annullant
1487 3099 1524 3164 at

360 3203 503 3291 irritant
530 3214 793 3292 matrimonium
821 3225 902 3318 post
929 3237 1047 3290 sacros
1075 3211 1226 3290 Ordines
1244 3223 1477 3290 contractum.
1501 3254 1525 3268 -

361 3339 512 3414 Strenue
540 3351 662 3416 contra
686 3349 894 3442 pugnarunt
908 3335 968 3414 alii
983 3358 1047 3440 pro
1061 3333 1259 3414 omnimoda
1283 3331 1521 3414 invaliditate.

360 3465 405 3540 Et
433 3462 565 3540 saniori
593 3475 688 3540 certe
715 3461 875 3557 consilio,
906 3475 1031 3566 utpote
1058 3473 1200 3540 tuentes
1219 3461 1431 3546 sententiam
1451 3484 1526 3536 ma-

359 3585 496 3665 ioribus
511 3583 689 3687 suffragiis
704 3565 887 3663 suffultam
906 3599 942 3664 et
956 3585 1065 3663 menti
1086 3585 1403 3688 Congregationum
1418 3581 1526 3662 Urbis

360 3723 651 3790 consentaneam.
682 3707 891 3788 Nollitatem
918 3709 1133 3788 matrimonii
1152 3708 1240 3788 satis
1255 3708 1332 3788 erui
1351 3731 1454 3813 posse
1469 3705 1527 3784 iu-

434 4011 470 4082 ll)
489 4010 538 4068 Gir
556 4009 729 4068 Laurenium
750 4007 802 4066 lto.
823 4014 848 4064 r.
869 4009 916 4067 nr.
938 4013 981 4066 re.
1001 4015 1113 4081 quant.
1133 4011 1196 4064 tot.
1217 4021 1269 4064 nn.
1288 4009 1351 4062 tt-r.

432 4099 465 4174 (b)
479 4098 715 4172 Pupp-Seilagyi:
729 4097 927 4156 Enctriridion
936 4099 1014 4155 iuria
1027 4097 1166 4155 dalaiae
1178 4093 1341 4154 micantis
1351 4093 1519 4162 catholicoe,

358 4197 441 4263 part.
462 4195 488 4246 2.
508 4189 538 4260 3.
561 4195 621 4247 rer.
643 4189 759 4246 losada
779 4189 831 4246 bae
850 4187 975 4260 disputat
993 4187 1198 4244 controversia.

432 4278 469 4352 (3)
489 4279 606 4337 constit.
627 4281 667 4336 Eo
685 4281 822 4352 quamvis
841 4285 966 4350 tempore
984 4276 1040 4333 diei
1062 4275 1173 4334 emoti
1193 4279 1261 4332 trra
1278 4273 1309 4346 8.
1329 4279 1365 4332 58
1383 4277 1411 4332 et
1441 4285 1520 4344 seqq.

362 4368 439 4427 alita
460 4383 511 4441 pro
530 4367 656 4440 Gophtis.
