3402 5292
672 501 786 564 -331
811 534 847 548 -·

188 622 354 704 «dorum
383 627 520 732 speeies
547 641 602 706 est
630 628 724 730 inter¹
751 651 873 706 omnes
901 627 1052 705 manime
1081 625 1264 722 notabilis,
1296 623 1353 706 vel

186 775 349 830 <semen
381 752 489 830 etiam
517 751 664 832 ssaeoido
696 751 873 830 existente
904 750 1076 844 membro,
1111 776 1221 856 prope
1259 751 1352 830 uteri

187 884 414 950 «externum
443 873 573 952 ostium
601 873 811 952 emittunt.»
843 876 888 950 Et
916 871 959 950 do
988 871 1044 949 his
1071 873 1260 976 postremis
1289 896 1353 950 no-

183 991 333 1070 tandum
360 994 457 1098 quod
484 994 531 1073 ab
560 993 763 1076 huiusmodi
793 995 879 1074 viris
909 993 1264 1088 «331133133113111,
1287 1008 1351 1072 331

187 1148 206 1188 ‹
230 1117 380 1214 13311133,
413 1133 448 1200 31
467 1147 559 1226 puae
575 1121 623 1200 od
642 1145 727 1227 opus
747 1145 817 1198 333
835 1120 1001 1226 sufficiat,
1018 1134 1056 1199 et
1076 1145 1155 1198 oum
1169 1145 1242 1224 qua
1258 1119 1354 1225 (ero-

188 1243 345 1322 1311333
374 1245 525 1340 modica,
557 1271 629 1324 non
656 1245 812 1348 lormoli)
844 1271 966 1324 semen
993 1269 1037 1324 33
1065 1271 1100 1322 33
1126 1243 1245 1348 effluit
1272 1267 1352 1322 oum

188 1397 207 1440 1
230 1367 329 1446 33113
357 1382 420 1446 331
439 1369 575 1448 modiea
590 1371 788 1475 voluptate,
811 1383 847 1448 et
874 1369 1042 1475 33113113
1063 1367 1266 1472 patiuntur,
1288 1365 1355 1444 ha-

187 1491 316 1570 ‹bent
342 1493 521 1597 quoddam
550 1494 698 1599 copulae
726 1493 878 1572 earnalis
913 1492 1144 1586 desiderium,
1177 1517 1246 1569 333
1273 1515 1354 1568 333-

185 1641 361 1719 13333·
389 1631 426 1696 31
453 1619 597 1724 quando
625 1643 746 1698 semen
774 1619 943 1698 emittunt
971 1617 1090 1723 (quod
1118 1629 1239 1696 tamen
1269 1615 1355 1720 plui-

183 1771 202 1813 «
226 1739 310 1818 dum
326 1753 363 1820 et
384 1767 556 1847 33333331
571 1754 683 1836 331,31
696 1741 874 1846 (rigidum
897 1739 1136 1846 persentitur)
1153 1739 1349 1819 membrum

184 1864 321 1944 «inter
350 1864 583 1944 emittendum
612 1890 683 1944 uon
711 1863 814 1944 modo
843 1889 914 1944 non
942 1875 1106 1944 seruatur
1135 1863 1279 1956 durum,
1312 1877 1354 1941 ut

183 2017 201 2060 ‹
228 2013 349 2068 semen
368 1989 579 2084 eiaouletur,
601 1989 661 2068 sed
680 1989 793 2093 mopis
820 1987 996 2092 flaccescit
1010 2000 1043 2066 et
1061 1986 1249 2066 emoritur.
1268 1991 1355 2066 Pro-

188 2145 207 2182 <
230 2111 363 2192 sedunt
380 2113 527 2192 1133331
550 2114 759 2216 genitalium
778 2127 814 2196 31
833 2137 998 2192 vasorum
1017 2109 1220 2206 debilitate,
1252 2123 1289 2190 et
1310 2135 1354 2189 31

190 2269 208 2310 1
231 2263 359 2340 magna
379 2241 489 2318 totius
508 2252 543 2318 et
563 2242 717 2344 partium
746 2238 956 2341 frigiditate,
990 2263 1058 2316 nou
1084 2251 1203 2315 tamen
1231 2237 1281 2316 ita
1301 2235 1357 2314 in·

191 2371 335 2436 «tensa
359 2373 399 2438 ut
422 2359 459 2436 in
478 2358 591 2463 prima
620 2359 751 2464 speeie,
782 2385 843 2438 333
871 2369 989 2438 temen
1017 2354 1256 2436 remediabilis
1282 2355 1356 2434 ullo

191 2481 333 2560 «modo
361 2494 411 2560 est
447 2483 479 2558 si
506 2508 529 2558 3
557 2493 691 2562 notura
717 2481 765 2564 sit
792 2481 957 2587 (Zaonhia
995 2485 1064 2586 Op.
1095 2481 1157 2558 eit.
1195 2491 1281 2558 tom.
1314 2489 1352 2560 2.

192 2639 209 2678 ‹
234 2606 296 2686 lib.
328 2616 366 2686 9.
395 2607 452 2684 111.
485 2616 522 2686 3.
554 2619 690 2712 quaest.
723 2616 761 2686 2.
795 2633 831 2686 3.
865 2617 887 2686 5
916 2619 949 2686 31
985 2607 1063 2708 10).
1100 2637 1118 2678 »

269 2740 332 2810 25.
364 2731 472 2835 Atqui
502 2731 724 2810 haecomnia
753 2731 790 2808 in
819 2731 901 2809 Caio
920 2729 1080 2834 apprime
1099 2729 1349 2808 inueniuntur.

190 2859 288 2943 0333
303 2853 397 2932 33113
417 2855 603 2934 retulimus
612 2853 787 2934 naturalis
802 2853 1121 2957 lrigiditatissigna
1138 2866 1246 2956 31333
1261 2879 1359 2957 sym·

190 2992 363 3083 pomata,
394 2977 528 3082 quibus
554 2978 666 3083 prima
687 2979 853 3058 etaltera
881 2977 1091 3080 frigidorum
1118 2976 1255 3081 speeies
1283 2974 1360 3054 dis·
1462 3041 1464 3046 .

191 3101 381 3204 tinguitur,
405 3101 517 3180 voluti
536 3103 714 3206 exscripta
751 3121 830 3182 esse
857 3099 1025 3178 videntur
1060 3125 1103 3178 31
1138 3098 1266 3176 1313113
1294 3095 1358 3176 de·

193 3223 428 3328 positionibus
457 3225 531 3304 sive
559 3225 713 3318 actricis,
744 3223 820 3304 sire
848 3223 1007 3316 testium,
1038 3222 1112 3300 3113
1146 3245 1190 3300 31
1219 3218 1358 3300 333133·

195 3348 356 3428 sionibus
370 3349 484 3453 ipsius
512 3349 599 3440 Caii,
623 3349 762 3428 illorum
789 3348 953 3454 pluribus
977 3348 1131 3449 ingenue
1155 3343 1271 3424 laetis.
1304 3348 1356 3422 llx

190 3471 252 3582 1113
270 3471 364 3550 33131
384 3471 472 3550 satis
495 3497 672 3576 superque
701 3484 854 3566 constat,
886 3471 1048 3550 eumdem
1068 3469 1188 3548 Caium
1218 3467 1359 3548 indiffe-

195 3595 346 3674 rentiam
367 3595 546 3699 quandam
574 3595 859 3700 inexplicabilem
888 3595 943 3672 rel
971 3594 1049 3698 ipsa
1072 3594 1185 3699 prima
1213 3593 1359 3697 nuptia-

196 3747 272 3802 rum
289 3733 392 3800 noote
406 3719 667 3799 demonstrasse
678 3745 761 3822 erga
772 3743 932 3812 uxorem,
946 3731 981 3796 et
997 3718 1217 3798 aversionem
1232 3741 1361 3820 quam·

194 3847 276 3926 dam
295 3844 494 3924 naturalem
514 3872 534 3922 3
554 3844 687 3924 3313311
716 3845 936 3940 3333331313,
967 3867 1046 3922 3331
1074 3867 1192 3946 33333
1221 3869 1240 3920 a
1260 3841 1357 3920 nuda

195 3995 324 4050 venere
343 3969 475 4048 moveri
495 3969 612 4048 lassus
630 3967 751 4060 luerit,
774 3969 906 4074 quippe
925 3969 1003 4045 eius
1027 3967 1257 4072 viripotentia
1277 3967 1358 4074 (seu

194 4094 314 4202 potius
342 4095 567 4200 impotentia)
591 4118 671 4172 oum
708 4093 753 4170 ad
788 4086 937 4172 13311333
970 4091 1167 4187 aooederet,
1182 4158 1184 4166 ,
1199 4105 1277 4170 3131
1300 4117 1360 4171 ea·

195 4219 275 4298 dem
303 4219 530 4324 proportione
559 4217 736 4298 desiderio
772 4218 948 4322 opposita.
982 4222 1141 4312 Constat,
1169 4218 1285 4322 ipsum
1313 4215 1358 4295 ob

199 4343 407 4447 genitalium
421 4343 599 4446 ignaviam
618 4357 655 4421 et
672 4341 936 4421 inexoitabilem
955 4340 1152 4434 mollitiem,
1175 4365 1358 4445 nunquam

198 4468 393 4548 formaliter
412 4467 565 4570 arrigere
587 4467 754 4562 valuisse3
785 4479 822 4544 31
849 4464 880 4542 31
908 4463 1102 4569 aliquando
1120 4477 1227 4543 tenue
1246 4463 1361 4569 quod·
