3406 5302
642 454 841 514 -aar-

162 573 293 652 babeat
331 576 551 678 superiorem
594 575 745 654 iudioem
774 575 843 651 nisi
882 597 1067 651 romanum
1110 573 1332 670 Pontiboem,

162 707 249 772 tuno
267 720 288 769 a
307 693 537 771 Patriarobae
552 695 748 790 sententia,
771 695 801 772 si
821 707 945 772 eontra
965 693 1058 772 saori
1087 693 1242 796 ooniugii
1263 691 1337 772 loe-

161 813 230 892 dus
258 814 295 890 in
324 813 554 917 patriarchali
584 818 689 893 Curia
710 811 905 893 iudicatum
935 813 997 908 sit,
1020 839 1104 919 pars
1133 813 1190 892 vel
1209 813 1336 892 matri-

163 933 273 1010 monii
302 930 469 1010 delensor
498 933 679 1038 appellare
722 931 1003 1011 omninodebet
1030 932 1076 1010 ad
1105 932 1335 1037 apostolicam

162 1049 302 1130 Sedem.
1176 1113 1184 1128 .
1230 1051 1232 1058 ’
1328 1070 1331 1076 “

245 1182 307 1250 13.
341 1173 589 1277 Appellatione
626 1187 747 1252 autem
776 1174 1008 1278 interposita,
1041 1171 1150 1252 debet
1173 1173 1337 1251 ‘indere

163 1317 232 1397 qao
260 1307 316 1370 est
334 1293 553 1397 appellatum
573 1294 692 1372 omnia
712 1292 892 1372 iudicialia
913 1305 993 1372 aota
1021 1317 1085 1370 seu
1116 1317 1334 1397 processum,

162 1437 235 1490 una
265 1437 345 1489 ourn
374 1416 443 1490 iam
473 1413 545 1492 lata
574 1415 769 1506 sententia,
792 1439 856 1518 per
876 1413 1126 1491 authenticum
1156 1412 1338 1517 exemplar

164 1557 228 1610 seu
257 1533 489 1637 apographon
517 1533 762 1612 transmittere
791 1532 835 1609 ad
866 1529 1018 1610 iudioem
1047 1532 1094 1610 od
1123 1557 1225 1636 poem
1253 1557 1336 1637 pro-

165 1669 329 1733 vocatum
359 1653 427 1734 luit
455 1655 529 1759 (l).
562 1699 585 1716 -
615 1655 796 1759 Superiori
825 1665 945 1732 autem
974 1653 1099 1748 iudici,
1118 1679 1152 1731 e.
1187 1679 1240 1754 gr.
1264 1655 1338 1730 lle·

164 1775 395 1880 tropolitan0,
428 1776 482 1854 las
510 1775 578 1854 erit
607 1801 738 1853 novum
767 1799 810 1852 err
840 1775 979 1876 integro
1006 1797 1213 1878 processum
1244 1771 1338 1852 indi-

164 1921 242 1974 eere
263 1922 303 1974 ao
321 1896 507 2002 perlicere.
532 1897 689 1975 Attentis
710 1911 830 1974 tamen
850 1921 1085 2001 personarum
1105 1896 1335 2000 locorumque

164 2017 455 2110 circumstantiis,
489 2017 604 2095 satius
623 2015 705 2110 erit,
728 2017 797 2094 nisi
823 2017 914 2094 aliae
943 2015 1101 2094 rationes
1131 2016 1234 2094 aliter
1254 2041 1339 2094 sua-

165 2135 288 2228 deant,
321 2137 349 2214 si
379 2138 449 2214 ium
478 2137 638 2216 oonleoto
666 2137 807 2241 sibique
836 2137 957 2215 uelato
998 2147 1124 2214 utatur
1150 2159 1335 2240 prooessu,

166 2255 313 2334 indietis
342 2269 499 2351 tantum,
532 2281 572 2335 ao
601 2257 755 2362 peractis
783 2255 966 2360 aliquibus
995 2254 1334 2357 investigationibus

166 2388 203 2454 et
230 2375 586 2478 interrogationibus,
604 2401 695 2480 quas
714 2402 779 2481 pro
798 2376 922 2453 maiori
943 2375 1051 2452 animi
1072 2375 1127 2452 sui
1144 2375 1338 2453 securitate

167 2494 391 2600 peragendas
419 2521 496 2574 esse
525 2496 684 2576 duxerit.
716 2541 741 2556 -
761 2495 996 2574 iudicialibus
1026 2507 1145 2574 autem
1174 2495 1263 2573 aotis
1292 2493 1337 2573 ad

167 2617 354 2695 veritatem
383 2617 578 2696 eruendam
597 2617 779 2723 arpensis,
803 2631 839 2695 et
859 2615 993 2695 auditis
1022 2619 1136 2721 prius,
1160 2617 1189 2694 si
1219 2615 1255 2694 id
1275 2641 1340 2720 op-

167 2750 361 2840 portunum
390 2737 617 2834 iudicaverit,
639 2741 677 2816 in
693 2739 771 2816 iure
791 2737 847 2816 vel
864 2751 941 2817 arte
961 2737 1101 2842 peritis,
1124 2737 1339 2816 sententiam

169 2857 508 2962 mmmmmm.

251 2987 313 3056 ll.
346 2985 373 3057 l
402 2979 514 3084 prima
544 2980 724 3059 sententia
744 2979 818 3057 lata
846 2992 970 3056 eontra
997 2975 1214 3057 matrimonii
1244 2977 1342 3055 nalo-

168 3124 242 3176 rem
271 3099 511 3203 appellatione
548 3099 728 3203 pendente
766 3099 822 3176 vel
851 3097 957 3176 etiam
1004 3122 1076 3176 non
1109 3096 1337 3201 interposita,

169 3219 319 3295 uetitum
347 3229 402 3296 est
430 3218 643 3322 coniugibus
662 3216 707 3296 ad
736 3217 807 3295 alia
828 3231 911 3295 vota
930 3218 1105 3312 transire,
1129 3214 1237 3320 idque
1257 3241 1342 3294 san-

170 3337 279 3416 oitnm
307 3351 362 3416 est
391 3337 460 3416 snb
488 3338 613 3442 poenis
642 3337 767 3415 ineos
809 3335 953 3414 indietis
982 3335 1045 3440 qui
1073 3335 1341 3413 matrimonium

171 3458 297 3536 ineunt
326 3471 447 3562 spreto
467 3457 644 3536 Eoelesiae
664 3456 868 3550 interdicto,
891 3467 927 3534 et
955 3453 1022 3532 snb
1051 3453 1095 3533 iis
1114 3456 1339 3560 praesertim,

172 3601 264 3680 quae
293 3591 417 3656 eontra
445 3579 650 3684 polygamos
678 3577 773 3656 latae
803 3589 889 3655 sunt
918 3574 991 3680 (1).
1016 3580 1149 3656 -Item
1179 3576 1209 3653 si
1238 3602 1257 3652 a
1286 3600 1343 3653 so-

173 3697 289 3775 eunda
318 3697 498 3776 sententia
526 3697 667 3776 irritum
697 3697 903 3776 declarante
941 3695 1096 3798 coniugii
1134 3694 1260 3776 foedus
1287 3694 1343 3773 vel

173 3820 285 3898 altera
314 3843 398 3922 pars
426 3817 482 3895 vel
519 3817 735 3895 matrimonii
764 3843 808 3894 ex
837 3816 951 3894 officio
991 3813 1156 3894 delonsor
1185 3838 1249 3919 pro
1278 3840 1343 3892 sua

174 3938 391 4020 conscientia
419 3937 674 4042 appellandum
702 3935 861 4030 duxerit,
895 3935 1115 4029 «volumus,
1139 3934 1258 4038 inquit
1276 3937 1345 4010 Be-

177 4092 194 4135 «
216 4058 382 4137 nedierus
409 4061 504 4153 xlv,
527 4071 568 4136 ut
596 4057 695 4135 firma
715 4069 920 4135 remanente
940 4056 1082 4160 utrique
1100 4054 1242 4158 coniugi
1257 4077 1344 4158 pro-

226 4283 267 4362 (1)
286 4255 347 4343 Clr.¹
363 4288 502 4342 restruet.
523 4288 552 4341 S.
572 4287 601 4342 C.
623 4283 742 4342 Consilii
761 4297 808 4339 an.
833 4287 902 4338 talo
921 4281 956 4338 tn
973 4280 1026 4354 fin.
1048 4296 1135 4352 quarn
1161 4282 1250 4338 babes
1270 4279 1344 4338 intra

178 4375 206 4432 in
226 4374 388 4447 Appmdtce
406 4379 433 4430 2.

224 4461 265 4536 (2)
286 4463 427 4522 Benediot.
448 4465 509 4521 xlv
529 4470 620 4520 const.
641 4463 693 4520 Det
710 4460 899 4519 miseratione
917 4459 947 4532 s.
968 4467 995 4518 9.
