3446 5298
878 449 1056 511 -lln-

377 588 508 679 putant
537 575 736 654 haerdticos
765 573 943 653 Ecclesiae
973 574 1113 678 legibus
1142 600 1370 680 nequaqnam
1398 575 1545 670 subiici,

379 711 486 802 atque
502 695 584 776 inde
600 723 703 803 posse
719 698 797 776 illos
812 723 903 777 novo
919 698 1073 800 coniugii
1090 697 1230 776 loedere
1242 699 1416 804 copulari,
1432 699 1463 778 si
1478 701 1553 804 pri-

380 848 474 900 mum
495 821 658 928 publicae
678 823 902 902 auctoritatis
921 823 1052 902 iudicio
1071 824 1227 902 solutum
1256 822 1378 919 luerit,
1402 849 1553 928 praepo-

379 961 474 1028 stere
489 946 664 1026 inieruntl
679 947 858 1026 Adversus
873 947 970 1026 illam
984 947 1139 1026 clamant
1153 949 1366 1052 scripturae,
1384 948 1547 1042 concilia,

382 1071 528 1152 traditio
561 1071 715 1177 denique
744 1071 925 1150 universa.
957 1072 1123 1149 Omnium
1151 1071 1265 1150 instar
1291 1075 1339 1151 sit
1366 1097 1552 1151 sacrosan-

383 1209 440 1274 cta
468 1195 664 1274 tridentina
694 1193 882 1300 SynoduS‚
913 1219 1006 1298 quae
1034 1219 1123 1274 sess.
1154 1197 1249 1274 xlv.
1281 1200 1367 1301 Cap.
1391 1205 1446 1290 2.,
1478 1219 1549 1274 non

386 1319 587 1424 baptizatos
603 1347 622 1397 a
638 1319 829 1424 baptizatis
849 1316 1087 1422 distinguens,
1112 1319 1190 1398 illus
1211 1333 1351 1398 tantum
1371 1320 1551 1399 Ecclesiae

385 1441 537 1540 iudicio,
569 1443 790 1548 proindeque
822 1441 962 1546 legibus
990 1467 1062 1521 non
1096 1443 1224 1522 subiici
1254 1443 1439 1540 adfirmat,
1470 1469 1551 1522 cnm

383 1568 541 1647 Ecclesia
561 1571 599 1647 in
627 1569 803 1648 neminem
832 1567 1004 1646 iudicium
1032 1583 1216 1663 exerceat‘
1243 1573 1304 1674 qui
1334 1595 1406 1648 non
1450 1569 1551 1674 prius

383 1693 421 1771 in
449 1694 562 1798 ipsam
583 1719 647 1798 per
667 1693 835 1799 baptismi
856 1694 998 1772 ianuam
1018 1692 1128 1772 fuerit
1148 1693 1345 1796 ingressus.
1370 1695 1406 1772 Si
1426 1693 1549 1798 bapti-

355 1821 468 1914 'zati,
487 1845 571 1923 ergo
590 1819 768 1898 Ecclesiae
797 1818 860 1898 filii
889 1819 1124 1924 (quamquam
1153 1818 1306 1898 rebelles
1325 1833 1361 1899 et
1390 1817 1551 1898 translu-

385 1946 465 2047 gae)
494 1942 556 2048 qui
586 1941 745 2021 eiusdem
773 1943 951 2020 Ecclesiae
980 1941 1119 2045 legibus
1149 1943 1403 2022 subiiciuntur.
1432 1946 1550 2032 Quare

384 2093 486 2144 suam
515 2067 552 2143 in
580 2066 660 2145 illos
688 2079 901 2171 potestatem
929 2091 1093 2144 exercere
1126 2091 1320 2170 numquam
1340 2065 1551 2170 praetermi-

383 2193 432 2268 sit
459 2191 631 2285 Ecclesia,
664 2202 842 2296 potestate
869 2189 938 2268 sibi
975 2189 1152 2269 divinitus
1190 2188 1338 2284 tradita,
1379 2186 1551 2293 quemad-

383 2313 526 2391 modum
565 2313 715 2394 infinitis
752 2313 1006 2420 propemodum
1043 2301 1275 2392 histeriarnm
1310 2311 1549 2391 monumentis

383 2451 553 2518 testatum
581 2452 650 2534 est,
673 2464 714 2518 ac
742 2438 871 2517 idemet
890 2439 1083 2517 Concilium
1103 2437 1339 2516 tridentinum
1354 2461 1427 2514 non
1445 2435 1548 2514 modo

382 2561 592 2641 novissimos
620 2563 665 2642 de
692 2562 929 2656 matrimonio,
961 2562 1108 2666 eiusque
1126 2559 1442 2672 indissolubilitate
1462 2559 1550 2638 hae-

381 2685 573 2764 reticorum
601 2709 758 2781 errores,
790 2685 851 2765 sed
885 2685 981 2789 ipsos
1008 2709 1151 2790 quoque
1190 2707 1349 2762 errorum
1385 2697 1548 2762 auctores

380 2805 458 2886 diro
486 2807 714 2886 anathemate
742 2807 894 2913 perculit
922 2806 996 2913 (l).
1019 2813 1149 2885 Verum
1169 2831 1285 2912 neque
1305 2806 1363 2885 hic
1377 2806 1477 2884 locus
1493 2819 1548 2884 est

380 2933 586 3014 vindicandi
602 2935 779 3014 Ecclesiae
800 2937 871 3032 ios,
892 2959 964 3040 quo
979 2934 1184 3013 haereticos
1203 2934 1279 3012 suis
1298 2931 1438 3036 legibus
1453 2955 1548 3010 com-

380 3058 591 3165 prehendit:
623 3085 740 3166 neque
768 3059 859 3138 enim
889 3058 934 3137 de
962 3059 1202 3137 ecclesiastica
1231 3059 1323 3162 lege,
1346 3055 1407 3134 sed
1429 3055 1473 3134 de
1492 3055 1548 3134 di-

378 3183 461 3262 vina
490 3185 642 3286 agimus,
674 3207 781 3288 quam
810 3187 905 3262 Deus
938 3183 1014 3286 ipse
1047 3181 1131 3260 tulit
1165 3181 1209 3259 de
1247 3180 1462 3260 matrimonii
1491 3181 1548 3258 in-

379 3301 580 3384 dissolubili
617 3306 777 3400 vinculo‚
809 3308 866 3386 cui
893 3331 997 3385 nemo
1035 3304 1206 3407 refragari
1241 3317 1377 3410 potest,
1410 3304 1457 3382 sit
1485 3303 1544 3381 ille

381 3431 582 3510 haereticus
610 3433 684 3508 sive
712 3432 818 3510 etiam
846 3457 1021 3536 paganus.

460 3553 577 3634 Tertia
607 3553 746 3633 demum
775 3555 915 3633 illorum
944 3556 1062 3660 opinio
1082 3553 1299 3648 docentium,
1322 3551 1545 3630 matrimonia

380 3679 640 3758 haereticorum
668 3706 783 3758 coram
813 3681 975 3760 ministro
1003 3679 1199 3758 acatholico
1227 3680 1334 3757 inita·
1351 3679 1544 3780 generatim

378 3805 479 3882 nulla
507 3829 599 3900 esse,
631 3818 739 3910 atque
767 3804 855 3886 adeo
883 3803 1020 3883 validas
1040 3803 1114 3883 lore
1134 3801 1309 3882 secundas
1338 3827 1459 3880 eorum
1477 3825 1547 3879 nu-

378 3933 487 4034 ptias‚
519 3930 680 4010 simodo
718 3955 834 4010 coram
868 3929 1042 4009 catholico
1076 3927 1230 4034 parocho
1268 3927 1542 4022 contrabantur,

380 4078 496 4156 neque
524 4053 684 4158 undique
712 4079 795 4133 vera
823 4069 896 4150 est,
927 4079 993 4133 nec
1020 4055 1109 4132 satis
1137 4064 1231 4150 tnta,
1264 4077 1381 4158 neque
1415 4053 1545 4132 idcirco

379 4179 416 4254 in
431 4177 533 4282 praui
548 4179 831 4284 quibuscumque
848 4179 884 4256 in
900 4177 1042 4258 casibus
1061 4176 1373 4256 indiscriminatim
1393 4200 1546 4281 sequen-

378 4298 438 4377 da.
470 4301 583 4380 Probe
611 4303 705 4381 enim
733 4303 832 4382 novit
860 4301 1066 4380 fraternitas
1095 4313 1158 4380 tua
1178 4299 1286 4380 buius
1302 4299 1443 4405 generis
1470 4325 1546 4378 ma-

449 4460 488 4528 ll)
510 4462 581 4518 fleas.
596 4461 660 4518 XXI
664 4463 689 4516 V.
703 4463 742 4518 De
754 4463 813 4535 Res.
828 4461 964 4518 matrim.
979 4475 1002 4516 c.
1021 4463 1045 4513 t.
