3402 5292
856 443 889 450 -
913 409 972 470 :tlt
997 441 1032 453 -·

352 531 549 610 validitatis
579 531 797 610 matrimonii
828 530 998 610 defensor
1026 530 1279 610 animadvertit
1313 530 1531 634 praecipue:

351 660 517 734 actricem
546 681 624 734 scro
655 656 837 734 incusassc
867 655 1272 760 pencseeclesiasticam
1293 657 1433 734 Carrion
1464 655 1531 732 riri

235 779 241 792 '
351 781 612 886 impotentiam,
645 780 744 858 unde
776 780 952 884 suspicari
981 778 1033 856 las
1062 803 1140 857 esse
1168 779 1388 870 arbitratur,
1423 779 1533 883 impo-

353 907 503 984 tentiam
521 929 590 982 non
610 903 845 1008 praecessisse
862 903 1142 996 matrimonium,
1161 901 1224 980 sed
1239 902 1534 1007 supervenisse3-

294 1041 296 1048 '
354 1029 597 1133 depositiones
636 1032 773 1106 iuratos
809 1027 961 1104 duorum
990 1028 1135 1106 testium
1164 1027 1337 1132 septimae
1379 1053 1530 1120 manus,

356 1176 481 1256 nempe
497 1149 674 1230 Eusebiae
688 1164 724 1230 et
739 1150 882 1242 Catulli,
902 1150 961 1227 illa
977 1151 1046 1228 iam
1066 1149 1286 1228 cubicularia
1299 1153 1423 1229 matris
1440 1152 1529 1243 Caii,

353 1275 411 1353 hic
439 1275 654 1354 domesticus
684 1275 761 1368 filii,
788 1274 986 1352 contrarias
1011 1299 1089 1352 esse
1118 1273 1333 1378 depositioni
1362 1275 1491 1369 Iuliam
1509 1317 1532 1332 -

285 1480 289 1492 ,
354 1399 585 1506 probationes
601 1399 819 1502 virginitatis
835 1425 876 1476 ea
894 1397 1050 1476 iudiciali
1068 1399 1195 1502 peritia
1211 1397 1384 1478 deductas
1400 1398 1535 1479 nullius

354 1525 523 1604 momenti
540 1551 633 1618 esse,
648 1525 782 1628 quippe
799 1522 961 1600 lellibilia
978 1536 1014 1600 et
1030 1523 1165 1601 incerta
1181 1523 1399 1626 virginitatis
1414 1523 1530 1622 sigua,

354 1663 389 1728 et
418 1647 629 1752 praesertim
648 1646 765 1751 quoad
788 1647 1003 1752 bymouem3
1027 1691 1051 1706 -
1068 1659 1178 1724 testes
1197 1646 1389 1752 productos
1409 1644 1534 1724 testari

356 1771 500 1876 quidum
529 1771 573 1848 de
601 1769 744 1875 publica
774 1795 858 1850 voce
888 1793 999 1873 super
1021 1769 1087 1848 viri
1108 1770 1335 1875 impotentia,
1358 1781 1396 1847 at
1414 1793 1537 1846 eorum

358 1895 534 1988 neminem
563 1895 656 1974 clare
685 1919 862 1999 exponere
900 1896 1071 1972 scientiae
1110 1919 1278 1988 eausam,
1315 1893 1535 1997 dubiumque

359 2019 478 2098 adbuc
507 2043 649 2097 manere
678 2017 723 2095 ab
752 2031 901 2097 esterna
930 2021 1087 2122 corporis
1124 2017 1403 2096 conformatione
1435 2017 1532 2109 Caii,

356 2167 449 2248 quae
477 2141 615 2220 virilem
644 2143 839 2246 potentiam
857 2139 993 2219 adesse
1022 2141 1169 2237 suadet;
1194 2187 1219 2202 -
1238 2142 1361 2220 deesse
1388 2139 1534 2219 tandem

360 2267 536 2346 triennale
566 2265 848 2369 experimentum
876 2291 920 2343 es
948 2289 1028 2370 cap.
1061 2263 1298 2352 laudabilem,
1327 2265 1369 2343 de
1401 2263 1530 2368 [ripid.

360 2401 393 2468 et
420 2388 544 2494 males.
585 2389 858 2494 praescriptum.
887 2435 911 2448 -
941 2389 1066 2467 Relate
1096 2403 1215 2468 atatem
1252 2389 1297 2466 ad
1325 2389 1534 2493 petitionem

358 2513 561 2618 pontificiae
589 2513 869 2617 dispensationis
896 2539 1004 2620 super
1031 2513 1257 2592 matrimonio
1292 2525 1369 2590 rato
1397 2525 1434 2590 et
1463 2535 1534 2588 nou

357 2651 623 2732 consummato,
656 2663 763 2742 quam
791 2636 886 2742 apud
916 2665 947 2716 s.
981 2639 1106 2718 Sudem
1137 2639 1183 2716 ab
1212 2635 1401 2714 Ordinario
1438 2659 1535 2713 com·

356 2762 516 2844 mandari
547 2762 754 2868 postulabat
773 2761 918 2840 actricis
938 2775 1159 2867 procuretur,
1183 2761 1380 2838 validitatis
1409 2760 1534 2837 matri-

356 2886 463 2964 monii
493 2884 659 2964 defonsor
687 2886 861 2978 declarat,
894 2887 1013 2963 nullas
1042 2887 1110 2964 sibi
1140 2887 1300 2964 rationes
1325 2897 1531 2988 suppetere,

357 3025 398 3090 ut
414 3036 451 3088 sc
468 3023 648 3115 opponat:
668 3011 772 3086 immo
788 3007 934 3103 latetur,
954 3011 1149 3088 arrerstents
1165 3023 1201 3089 et
1225 3009 1296 3088 odii
1322 3011 1418 3114 ipsos
1439 3011 1533 3087 inter

358 3134 527 3237 coniuges
555 3159 747 3238 eorumque
769 3132 920 3211 familias
939 3135 1027 3212 satis
1047 3135 1142 3238 apud
1170 3143 1256 3214 dcta
1286 3135 1533 3240 comprobatas

358 3283 500 3352 causas,
525 3259 608 3336 huic
626 3261 792 3363 petitioni
812 3261 998 3364 suffragari
1020 3261 1095 3366 (Cir
1111 3267 1188 3340 dct.
1209 3261 1282 3340 loll.
1309 3271 1398 3354 193,
1420 3263 1527 3362 teu).

367 3453 369 3458 .
442 3395 503 3462 11.
528 3387 655 3461 Contra
677 3385 931 3489 veroconiugis
951 3385 1177 3464 reclamantis
1196 3389 1536 3480 Orator,enumera-

360 3507 407 3588 tis
422 3507 530 3585 varas
545 3507 745 3611 praesentis
761 3509 882 3588 iudicii
900 3509 1068 3615 periodiS,
1088 3509 1191 3615 plura
1226 3513 1384 3613 congerit
1403 3523 1478 3588 tam
1499 3511 1534 3588 in

359 3631 450 3710 lacto
480 3645 554 3710 tum
585 3632 620 3710 in
650 3631 741 3724 iure,
773 3633 910 3738 quibus
938 3635 1026 3714 satis
1054 3659 1235 3739 superque
1263 3647 1427 3713 constare
1451 3659 1536 3711 con·

357 3753 473 3834 tendit
491 3755 535 3832 de
555 3749 773 3834 antecedenti
787 3783 828 3834 ac
843 3769 1013 3862 perpetua
1028 3758 1093 3835 viri
1116 3759 1338 3861 impotentia,
1354 3757 1535 3861 (quamvis

358 3881 587 3984 impotentiae
621 3880 923 3985 perpetuitatem,
961 3905 1053 3986 quiae
1082 3884 1119 3958 in
1149 3881 1351 3958 huiusmodi
1391 3881 1533 3960 iudiciis

357 4003 509 4080 maximo
538 4001 701 4098 interest,
735 4006 936 4097 nonsatis,
968 4007 1005 4082 ni
1035 4003 1160 4094 lallor,
1193 4003 1430 4108 demonstret)
1469 4027 1534 4081 nec

357 4151 429 4204 non
444 4126 487 4204 de
503 4125 648 4230 physica
664 4127 812 4206 alterius
827 4127 989 4230 coniugis
1005 4127 1237 4231 cirpiaitutm
1250 4141 1287 4206 et
1311 4151 1534 4231 consequen·

358 4266 413 4331 ter
441 4251 486 4329 ad
515 4277 696 4330 sacrorum
726 4277 900 4332 canonum
930 4251 1117 4344 tranrites,
1159 4251 1295 4354 absque
1330 4251 1404 4328 ulla
1438 4277 1532 4330 mora

319 4417 325 4430 ·
360 4373 648 4480 proclamandum
676 4401 753 4454 esse
782 4377 962 4456 concludit
991 4403 1012 4454 a
1041 4376 1157 4456 iudice
1186 4375 1387 4454 nullitatem
1407 4376 1532 4454 aratri-
