3406 5302
687 494 732 505 -
755 461 820 523 2l5
843 494 886 507 -
1011 523 1012 531 ,

199 581 239 660 in
266 607 353 661 oasa
379 580 612 669 necessitatis,
642 605 675 660 e.
708 608 743 686 g.
775 579 860 660 dum
876 565 1136 690 oopia²iudiais
1164 609 1188 661 a
1216 607 1285 689 pao
1312 609 1387 690 alp-t

199 703 357 808 pellatur
384 703 511 782 baberi
539 729 612 783 non
639 715 781 809 potost3
812 701 869 780 vel
897 701 928 782 si
957 701 1002 781 ob
1021 716 1155 783 motum
1183 704 1318 784 iustum
1339 719 1376 785 ot
1412 809 1413 816 Ν

201 847 359 924 gravem,
391 823 545 903 iudicem
574 849 598 902 a
625 848 693 926 pao
719 847 764 901 ex
792 847 902 902 nausa
936 821 1187 928 appellationis
1216 823 1376 930 interpo-

199 945 340 1024 nendae
369 945 556 1051 appellans
585 944 684 1023 adire
713 942 907 1050 impeditus
935 944 996 1020 sit.
1029 943 1133 1022 llisoe
1163 942 1201 1021 in
1229 944 1375 1024 oasibus

201 1065 375 1169 appellari
402 1065 511 1145 debet
539 1090 656 1144 soram
685 1063 802 1144 indiae
821 1062 869 1142 aa
896 1089 1014 1170 qoem,
1035 1075 1071 1142 at
1099 1077 1223 1168 postea
1251 1065 1377 1170 appol-

199 1184 286 1263 latio
315 1185 475 1267 intimari
504 1185 615 1266 iudiai
645 1212 668 1265 a
696 1213 779 1292 qao,
808 1200 850 1266 ut
887 1184 985 1264 eius*
995 1183 1242 1290 suspendatur
1268 1185 1375 1264 iuris-

198 1305 323 1402 diotio‚
355 1321 392 1387 et
419 1307 574 1388 ulterius
601 1307 640 1386 in
667 1331 776 1386 eausa
803 1305 996 1413 proaedere
1015 1330 1088 1384 non
1116 1305 1248 1384 valeat.
1273 1305 1373 1394 Quod

196 1423 228 1502 si
258 1426 360 1530 aopia
388 1451 506 1532 neque
543 1426 673 1506 iudiais
702 1453 725 1504 a
752 1451 835 1532 pao,
879 1449 996 1530 neque
1036 1422 1166 1504 iudiois
1193 1422 1242 1502 ad
1271 1449 1374 1529 qoem

197 1545 325 1625 baberi
353 1560 537 1654 nequeat,
569 1561 657 1628 tuno
692 1543 866 1654 appellari
906 1559 1026 1652 potest
1062 1570 1181 1624 eoram
1209 1544 1372 1624 honestis

196 1667 374 1770 personis,
406 1667 580 1748 adhibitis
599 1668 755 1748 testibus
773 1681 810 1748 et
836 1667 1096 1774 protestatione
1123 1665 1219 1772 qood
1247 1666 1372 1771 appel-

196 1784 308 1867 lasset
336 1813 453 1866 ooram
481 1788 599 1867 indiae
627 1789 658 1867 si
696 1789 906 1869 alterutrius
935 1789 1035 1894 oopia
1072 1812 1137 1866 sou
1165 1787 1370 1891 praesentia

197 1903 322 1985 baberi
350 1911 529 2014 potuisset
556 1909 572 2016 (
602 1909 631 2012 ).

277 2035 315 2104 7.
348 2029 550 2134 Appellatio
578 2055 685 2134 porro
713 2031 758 2110 ad
787 2029 941 2109 iudioam
978 2027 1198 2134 superiorem
1227 2025 1370 2133 repula-

191 2145 284 2224 riter
304 2146 468 2228 laaienda
488 2165 544 2230 est
565 2152 742 2254 gradatim
763 2177 832 2230 aaa
852 2151 979 2230 omaso
1007 2149 1121 2230 medio
1149 2148 1283 2246 indiae,
1305 2173 1369 2226 seu

195 2265 239 2344 ad
268 2269 470 2370 proximum
498 2283 534 2348 et
576 2271 822 2352 immediatum
864 2271 1083 2377 superiorem
1125 2269 1223 2348 illius
1251 2295 1274 2346 a
1301 2293 1370 2374 qao

195 2387 412 2491 appellatur,
445 2416 518 2470 non
546 2404 681 2488 autam,
713 2419 754 2474 eo
782 2394 1000 2498 praeterito,
1034 2390 1079 2470 ad
1107 2389 1304 2470 mediatum
1331 2403 1368 2468 et

191 2523 369 2588 remotum
398 2509 471 2617 (ἓ).
504 2514 561 2592 Sia
589 2513 634 2592 ab
662 2513 838 2620 Episcopo
857 2512 1060 2620 appellatur
1088 2510 1134 2589 ad
1162 2509 1369 2615 llatropoli-

193 2639 281 2722 tam‚
313 2655 334 2706 a
361 2631 589 2736 llatropolita
611 2631 656 2709 ad
676 2632 881 2728 Primatum,
904 2660 924 2710 a
952 2632 1107 2711 Primate
1136 2628 1180 2708 ad
1209 2632 1368 2708 Patriar-

189 2747 310 2845 oham,
342 2775 363 2826 a
392 2751 602 2832 Patriaroha
632 2751 678 2831 ad
707 2757 909 2833 Romanum
936 2753 1158 2833 Pantilioem.
1192 2795 1220 2808 -
1248 2747 1367 2828 Huius

189 2869 282 2948 ratio
311 2873 440 2950 statuti
468 2885 540 2970 est,
562 2897 608 2951 na
627 2872 893 2953 iurisdictiones
913 2872 1193 2966 aonlundantur,
1217 2869 1280 2950 sod
1299 2895 1366 2948 sua

190 2989 320 3094 auique
348 3005 536 3090 servatur3
568 3018 613 3072 ne
655 2995 898 3098 proximorum
936 2993 1169 3100 superioritas
1206 2989 1365 3070 iudioum

189 3105 295 3187 abeat
325 3111 362 3188 in
390 3124 655 3219 oontemptum3
678 3129 720 3194 ut
748 3115 908 3220 partium
926 3127 1096 3220 pareatur
1123 3109 1309 3191 laboribus
1328 3121 1365 3188 at

191 3229 409 3334 sumptibus.
441 3236 520 3312 Non
550 3246 670 3313 tamen
699 3235 799 3314 nulla
827 3235 971 3316 omnino
994 3235 1084 3314 loret
1111 3233 1173 3313 sed
1203 3232 1273 3310 imo
1301 3257 1364 3309 ra·

191 3345 262 3424 lida
291 3349 485 3454 appellatio
513 3351 559 3429 ad
587 3353 783 3435 mediatum
826 3355 1045 3460 superiorem
1073 3356 1202 3432 omisso
1229 3349 1360 3444 medio,

186 3466 220 3543 si
247 3491 332 3572 pars
361 3468 540 3567 adversa,
572 3487 696 3555 eontra
738 3499 846 3579 quam
874 3475 1100 3582 appellatur,
1132 3473 1223 3552 nihil
1252 3497 1363 3578 oppo-

186 3602 252 3668 nat
282 3590 357 3696 (3).

267 3717 305 3788 8.
338 3716 424 3790 Cum
452 3726 577 3792 autem
618 3715 815 3822 Episaopus
856 3717 996 3822 possit,
1027 3729 1069 3795 ut
1098 3712 1362 3793 animadverti·
1409 3738 1411 3742 ·

185 3855 264 3911 mus
293 3833 368 3940 (l),
400 3861 591 3916 causarum
619 3839 935 3919 matrimonialium
956 3837 1195 3943 cognitionem
1224 3835 1280 3915 vol
1300 3836 1362 3913 Vi-

165 4077 172 4092 .
238 4029 278 4102 (l)
298 4029 417 4102 Pirblng
446 4029 498 4087 tto.
518 4037 546 4090 2.
567 4034 614 4090 tt't.
636 4040 680 4093 28.
700 4049 730 4090 a.
751 4035 795 4090 83.
818 4041 843 4092 et
867 4049 942 4107 seqq.
965 4033 1045 4091 iuxta
1073 4047 1139 4105 cap.
1159 4031 1187 4090 st
1211 4031 1306 4090 trsstas
1326 4035 1361 4088 75

184 4121 212 4172 et
231 4117 284 4175 att.
306 4119 340 4175 aa
358 4118 625 4190 appellationibus.

242 4205 281 4279 (2)
300 4209 367 4280 cap.
388 4209 487 4268 dileat
498 4216 541 4280 aa,
557 4212 591 4269 ate
608 4211 819 4284 appallateam
832 4215 966 4271 Romana
974 4211 1100 4270 Ecclesia
1112 4213 1178 4270 5.ιή
1189 4210 1361 4280 a,aotl.ttt.-

189 4293 261 4352 tide
279 4298 448 4356 anacletum
463 4299 647 4358 Reillenstuel
669 4301 720 4358 aa.
730 4302 867 4361 astaret.
880 4303 928 4361 at.
938 4308 1022 4360 ztan.
1035 4305 1159 4360 tatum
1177 4303 1338 4360 communi.

241 4383 281 4459 (3)
301 4389 342 4442 Ex
360 4387 408 4444 alt.
429 4401 491 4460 aap.
513 4388 728 4448 ainata-vide
747 4390 866 4463 Pirbing
887 4391 907 4448 l.
927 4405 951 4447 e.
971 4406 1024 4448 aa.
1044 4397 1139 4448 88-89.

242 4472 282 4546 (4)
301 4477 367 4546 Cap.
389 4481 415 4532 7.
436 4483 490 4533 art.
512 4482 538 4532 t.
