3406 5302
867 469 906 486 -
924 438 984 504 200
1005 473 1041 488 -

371 587 452 641 oum
481 563 519 642 in
548 563 698 666 singulis
734 565 852 643 causis
883 565 1179 669 interrogationes
1215 579 1250 644 et
1287 567 1531 670 investigatio-

372 711 437 766 nes
457 686 640 770 faciendae
669 690 742 770 sint
768 687 982 794 multiplices
1000 703 1037 769 ot
1055 692 1304 786 accuratiores,
1322 692 1378 770 rel
1395 691 1533 799 simpli·

370 838 428 892 eos
456 825 491 892 et
520 815 706 920 pauciores
733 813 914 894 sufficiant
940 829 1047 920 prout
1079 817 1315 896 accusationis
1342 818 1530 923 requirunt

370 938 511 1034 titulus,
541 938 714 1046 propositi
742 938 883 1020 articuli
911 952 948 1020 et
974 938 1066 1021 lacta
1094 954 1275 1035 enarrata,
1294 942 1379 1020 hino
1397 967 1533 1048 neque-

370 1076 437 1144 unt
465 1065 523 1146 hic
550 1064 868 1167 interrogationum
895 1077 931 1144 et
949 1065 1263 1169 investigationum
1289 1092 1353 1172 pro
1380 1067 1531 1172 singulis

371 1188 633 1295 impedimentis
660 1187 809 1296 proponi
837 1189 1031 1268 schemata.
1061 1194 1177 1280 Quare
1205 1217 1335 1272 munus
1362 1193 1430 1272 erit
1456 1219 1531 1273 mo-

370 1313 546 1395 deratoris
572 1327 732 1396 actorum
747 1313 1042 1417 interrogationes
1060 1329 1097 1395 et
1115 1317 1407 1420 investigationes
1435 1320 1532 1400 eius-

369 1441 462 1520 modi
490 1465 554 1546 pm
583 1465 648 1520 sua
676 1441 870 1543 sagacitate
898 1439 1125 1536 concinnare,
1156 1463 1288 1544 easque
1317 1465 1447 1546 augere
1474 1443 1530 1524 rel

369 1564 529 1644 minuere
558 1589 621 1670 pro
650 1590 768 1644 rerum
787 1563 978 1643 adiunctis.
998 1609 1021 1623 -
1035 1562 1216 1654 Quaedam
1236 1565 1466 1646 nihilominus
1484 1565 1530 1644 ad

372 1687 438 1770 hoc
464 1687 605 1768 facilius
633 1686 847 1795 expleudum
874 1711 1004 1768 munus
1031 1702 1223 1770 annotasse
1252 1689 1405 1778 iurabit.

448 1813 556 1891 Plura
585 1813 706 1918 itaque
735 1825 820 1891 sunt
847 1811 1113 1917 impedimenta,
1144 1837 1237 1918 quae
1265 1827 1388 1893 contra
1408 1815 1532 1894 matri·

369 1935 477 2016 monii
505 1935 659 2016 valorem
687 1935 811 2032 allata,
841 1934 936 2014 facili
964 1935 1105 2039 negotio
1125 1937 1278 2043 perspici
1299 1949 1461 2042 possunt,
1483 1963 1531 2016 an

369 2064 511 2168 inipso
539 2061 648 2166 iugali
681 2060 837 2142 ineundo
865 2060 1004 2142 loedere
1038 2074 1203 2142 extarent
1242 2064 1296 2142 rel
1324 2085 1408 2142 non.
1431 2066 1531 2142 -Sic

369 2186 660 2293 impedimentum
688 2185 762 2266 ooti
789 2186 956 2296 solemnis
983 2185 1159 2266 castitatis
1178 2187 1233 2266 rol
1249 2187 1286 2267 in
1314 2187 1531 2294 professione

370 2313 549 2418 religiosa,
580 2313 636 2392 vel
664 2313 702 2392 in
729 2309 954 2419 susceptione
982 2335 1162 2391 sacrorum
1191 2314 1364 2394 Ordinum
1391 2337 1531 2394 nuncu·

368 2435 458 2543 pati,
491 2435 655 2542 expedite
683 2436 825 2542 probari
859 2448 976 2542 potest
1003 2436 1033 2514 si
1061 2437 1268 2518 authentica
1300 2438 1530 2544 requirantur

368 2559 579 2642 documenta
607 2573 642 2642 et
670 2561 708 2642 in
727 2574 806 2641 acta
833 2559 1034 2642 referantur
1053 2560 1127 2640 sive
1146 2562 1313 2641 solemnis
1341 2562 1532 2668 prolessio-

368 2687 424 2766 nis
444 2685 594 2766 emissae
613 2684 651 2764 iu
670 2685 855 2789 religione,
879 2698 1023 2766 sanctae
1052 2684 1152 2766 Sedis
1167 2685 1296 2766 iudicio
1315 2687 1527 2794 approbata,

367 2813 442 2892 sivo
470 2813 562 2892 sacri
590 2810 747 2917 suscepti
766 2810 909 2890 maioris
930 2807 1086 2890 Ordinis.
1105 2809 1328 2890 -Naturalis
1346 2813 1530 2914 cognatio-

368 2941 423 3018 nis
441 2963 506 3018 seu
525 2936 862 3041 cosmopoiooitotis
889 2935 1179 3041 impedimentum
1208 2949 1316 3042 atque
1334 2934 1441 3015 etiam
1466 2937 1529 3042 of-

366 3062 518 3167 ficitotis
545 3075 708 3168 prompte
736 3059 908 3166 probatur
935 3059 980 3140 ah
1008 3059 1146 3156 ardore,
1164 3072 1205 3140 ut
1233 3059 1348 3156 aiunt,
1380 3083 1533 3140 consau-

369 3187 575 3292 guineitatis
585 3184 774 3288 utriusque
784 3183 937 3266 familiae
951 3207 1160 3288 sponsorum
1174 3209 1218 3264 ex
1228 3185 1533 3266 matrimoniorum

367 3309 525 3390 eruenda
553 3308 717 3412 regestis,
749 3335 793 3388 ex
820 3334 891 3414 qua
920 3307 1045 3387 arbore
1073 3308 1167 3388 clare
1182 3309 1370 3416 apparehit
1387 3335 1434 3388 an
1453 3335 1531 3390 ma-

369 3435 572 3516 trimonium
600 3435 697 3516 intra
725 3433 856 3538 gradus
882 3460 903 3512 c
931 3433 1008 3514 iure
1035 3433 1234 3538 prohibitos
1257 3435 1387 3516 initum
1404 3434 1528 3533 fuerit,

367 3559 422 3647 rel
450 3583 538 3638 non.
554 3562 646 3638 -lta
678 3557 811 3664 pariter
838 3583 882 3638 en
902 3557 1166 3664 parochialibus
1185 3557 1447 3664 baptisatorum
1461 3574 1533 3642 «aut

368 3683 652 3766 confirmatorum
680 3683 781 3764 libris
815 3683 955 3764 eruitur
987 3695 1107 3766 utrum
1134 3683 1295 3788 coguatio
1328 3683 1531 3790 spiritualis

368 3809 448 3890 initi
475 3808 630 3911 coniugii
658 3819 816 3912 tompore
844 3808 937 3888 inter
965 3807 1219 3890 contrahentes
1246 3809 1422 3890 estiterit.

448 3931 484 4009 si
512 3947 619 4008 causa
647 3927 915 4008 matrimonialis
943 3941 1070 4032 agatur
1098 3927 1143 4006 oh
1171 3931 1299 4008 stactis
1322 3929 1438 4012 adhuc
1456 3930 1534 4034 foe·

368 4053 462 4135 deris
490 4079 553 4132 seu
572 4050 762 4157 ligaminis·
780 4052 1083 4157 impedimentum,
1115 4053 1327 4158 inquirenda
1356 4069 1464 4161 atque
1483 4055 1534 4134 ad

371 4192 449 4259 acta
477 4175 660 4257 referenda
689 4178 727 4254 in
753 4176 875 4282 primis
894 4177 962 4257 erit
990 4175 1234 4282 praecedentis
1263 4177 1433 4284 nuptialis
1456 4177 1533 4258 loe-

368 4305 463 4384 deris
490 4303 570 4381 initi
597 4303 793 4399 attestatio,
824 4323 865 4381 ao
883 4301 966 4381 dein
989 4303 1235 4384 authenticum
1261 4299 1424 4406 diligenti
1452 4315 1534 4382 stu-

369 4427 429 4508 dio
456 4429 664 4534 exquiratur
693 4425 942 4526 documentum
970 4425 1014 4510 de
1042 4437 1164 4510 secuta
1192 4426 1340 4511 alterius
1368 4427 1532 4534 coniugis
