3406 5302
869 479 905 492 -
928 447 987 510 2:58
1011 481 1046 492 -

371 569 473 675 plicit
499 568 699 663 declarans,
739 595 777 648 se
815 597 998 677 nunquam
1037 571 1147 651 luisse
1185 586 1347 676 rogatum
1380 585 1419 648 ut
1449 571 1533 649 huic

371 693 596 771 matrimonio
633 696 836 791 assisteret;
868 723 978 774 -nec
1013 696 1123 775 ullum
1162 721 1321 800 unquam
1358 694 1540 796 delegasse

372 817 592 896 sacerdotem
635 819 680 896 ad
718 821 810 898 hanc
838 823 1080 900 assistentiam
1116 847 1181 926 pro
1215 846 1252 898 se
1290 817 1541 926 praestandam

374 940 480 1046 (ibid.
513 939 573 1020 lol.
608 953 671 1022 35.
704 947 750 1020 R.
783 945 827 1024 ad
869 945 985 1050 7-8);
1008 989 1033 1008 ·
1054 971 1119 1056 nec
1150 969 1308 1048 unquam
1341 941 1542 1048 praedictos

373 1067 627 1146 contrahentes
657 1094 774 1147 coram
802 1097 839 1148 se
868 1073 1025 1164 stetisse,
1050 1085 1090 1149 ut
1112 1068 1157 1147 ad
1186 1073 1444 1174 praescriptum
1478 1067 1543 1144 tri·

374 1191 543 1271 dentinae
572 1194 706 1298 Synodi
734 1209 898 1274 mutuum
927 1219 1138 1273 consensum
1167 1193 1212 1270 de
1240 1192 1419 1296 praesenti
1439 1215 1542 1296 prae·

374 1329 513 1394 starent
540 1316 584 1393 ad
614 1318 730 1397 valide
758 1319 1021 1398 matrimonium
1042 1317 1238 1396 ineundum
1258 1317 1366 1422 (ibid.
1390 1316 1451 1395 lol.
1472 1325 1536 1396 37.

376 1441 422 1516 R.
455 1438 500 1516 ad
532 1440 617 1542 ll).

456 1568 521 1640 tt.
553 1565 606 1638 Ex
636 1561 692 1638 his
712 1559 877 1638 omnibus
898 1573 973 1638 tum
993 1562 1198 1664 coniugum,
1221 1575 1296 1640 tum
1317 1563 1461 1641 testium
1481 1561 1543 1640 de·

375 1684 615 1792 positionibus
643 1684 833 1762 iuramenti
854 1685 1026 1788 religione
1045 1688 1153 1764 semel
1175 1690 1375 1792 iterumque
1395 1686 1542 1765 firmatis

375 1810 658 1889 luculentissime
686 1823 844 1889 constat:

459 1948 509 2016 1⁰.
540 1936 657 2016 Caiam
687 1933 885 2039 suscepisse
913 1932 1057 2040 quidem
1086 1937 1181 2014 vitae
1209 1935 1402 2041 primordia
1427 1937 1463 2013 in
1482 1959 1543 2012 ru-

377 2067 444 2145 rali
473 2063 642 2171 parochia
671 2089 701 2140 s.
726 2062 924 2157 Francisci3
947 2075 985 2140 at
1004 2063 1218 2141 matrimonii
1244 2078 1416 2166 tempore,
1439 2061 1542 2138 immo

377 2191 480 2294 longe
508 2189 609 2294 prius
636 2186 768 2264 ibidem
797 2185 1013 2264 domicilium
1033 2187 1132 2264 nullo
1153 2202 1256 2291 pacto
1275 2185 1459 2264 habuisse.
1482 2191 1543 2262 lt-

377 2315 440 2418 qui
468 2316 538 2390 iam
568 2309 720 2388 vidimus
747 2309 942 2414 parochum
971 2309 1120 2412 eripiaris
1153 2334 1225 2388 non
1255 2335 1332 2388 esse
1362 2310 1543 2414 proprium

378 2435 575 2541 parochum
604 2430 647 2510 ad
677 2431 793 2510 valide
826 2431 1050 2510 matrimonio
1083 2432 1323 2511 assistendum
1353 2430 1543 2537 (superius

282 2613 287 2624 ·
382 2585 480 2638 num.
513 2558 596 2662 c26).

460 2693 510 2762 2⁰.
542 2685 742 2786 Utrumque
780 2680 1051 2759 contrahentem
1088 2679 1158 2757 iam
1191 2679 1237 2757 ab
1271 2680 1406 2783 aliquot
1439 2678 1543 2756 annis

382 2821 466 2886 ante
504 2805 786 2898 matrimonium,
826 2829 949 2881 verum
982 2827 1023 2882 ac
1054 2802 1184 2881 stabile
1221 2801 1436 2881 domicilium
1483 2801 1546 2879 ha·

322 3019 327 3026 ,
380 2930 501 3010 huisse
529 2929 567 3006 in
595 2928 741 3005 civitate
770 2927 813 3003 N.
846 2939 1006 3021 tantum3
1038 2940 1075 3005 et
1098 2927 1313 3005 matrimonii
1333 2938 1491 3030 tempore
1510 2927 1545 3002 in

381 3053 549 3160 parochia
578 3079 597 3129 a
627 3077 657 3130 S.
689 3051 883 3129 Laurentio
912 3063 1133 3156 nuncupata.
1164 3051 1281 3128 Huius
1304 3037 1415 3152 igitur
1442 3073 1547 3155 paro-

381 3177 483 3258 chiae
511 3190 589 3256 erat
613 3177 783 3281 proprios
817 3173 1104 3254 contrahentium
1141 3173 1333 3278 parochus,
1364 3187 1401 3252 et
1427 3197 1546 3252 coram

381 3327 424 3381 eo
453 3301 652 3394 dumtaxat,
684 3299 740 3378 vel
760 3325 804 3377 ex
832 3299 911 3376 eins
938 3309 1002 3376 eut
1029 3297 1209 3376 Ordinarii
1238 3296 1461 3400 delegatione
1489 3323 1546 3377 co·

383 3451 459 3504 ram
488 3425 558 3503 alio
585 3423 782 3517 sacerdote,
815 3433 981 3528 poterant
1008 3421 1123 3500 Titius
1151 3434 1186 3500 et
1214 3421 1297 3501 Caia
1329 3421 1445 3500 valide
1473 3447 1547 3498 ma-

385 3549 589 3630 trimonium
618 3546 798 3626 celebrare
826 3545 882 3652 (n.
914 3544 996 3650 26).
1028 3549 1101 3623 Nec
1119 3571 1202 3624 vero
1226 3545 1376 3624 civicum
1405 3543 1547 3624 hocdo-

383 3673 552 3753 micilinm
581 3670 649 3776 ipsi
686 3695 844 3773 unquam
881 3668 1115 3746 deseruerant
1151 3682 1235 3748 ante
1267 3670 1543 3748 matrimonium.

384 3795 437 3875 nd
464 3797 500 3875 id
529 3795 623 3874 enim
642 3791 783 3870 habere
803 3791 1013 3870 debuissent
1031 3791 1193 3869 animum
1225 3791 1314 3870 illud
1342 3791 1543 3884 deserendi,

382 3937 420 4002 et
446 3923 584 4027 factum
613 3919 682 3996 alio
711 3913 933 4018 demigrandi
961 3915 1016 4019 (n.
1049 3913 1131 4020 29).
1163 3921 1206 3994 ln
1226 3917 1383 3996 themate
1411 3929 1548 3996 utrum·

383 4073 454 4154 quc
482 4045 615 4138 deficit,
647 4055 687 4120 ut
716 4066 759 4119 cs
787 4038 1089 4119 declarationibus
1121 4043 1311 4144 coniugum
1339 4055 1375 4119 et
1403 4042 1546 4120 testium

383 4169 664 4249 luculentissime
692 4177 806 4272 patet.
839 4171 988 4242 Factum
1008 4177 1126 4242 autem
1145 4163 1325 4243 retinendi
1345 4189 1387 4243 ea
1403 4164 1440 4242 in
1460 4165 1547 4244 urbe

384 4291 527 4372 domum
555 4293 593 4368 in
612 4301 776 4395 promptu
793 4301 830 4367 et
848 4288 1073 4366 continenter
1093 4299 1253 4392 apertam
1268 4287 1544 4382 convictoribus,

387 4439 450 4521 per
477 4439 514 4494 se
548 4414 720 4520 loquitur.
762 4415 807 4490 Et
838 4415 885 4488 Η.
917 4415 954 4488 S.
986 4413 1030 4488 0.
1070 4409 1129 4490 die
1163 4419 1212 4490 22
1247 4409 1404 4490 lehruar.
1445 4419 1540 4492 1631
