3424 5300
667 451 704 464 -
728 417 782 478 135
805 449 841 464 -

282 549 320 625 in
347 545 468 625 multis
496 541 642 648 imperii
671 539 825 619 sinereris
854 535 1063 642 provinciis3

283 673 319 750 in
348 667 553 774 regionibus
569 663 801 746 orientalibus
817 661 1009 764 generatim
1030 657 1096 736 sub
1112 655 1244 735 ditione
1259 665 1336 732 ter·

175 793 252 872 rice
279 807 312 872 et
336 792 476 898 persico
503 791 707 870 constitutis
735 787 778 866 de
793 785 924 892 quibus
943 783 1041 861 nulla
1060 778 1223 885 specialis
1237 802 1338 856 naen·

175 920 226 998 tio
254 917 347 998 laeta
376 932 448 1013 est;

282 1041 405 1132 Quoad
434 1046 597 1118 drnrcarr
713 1135 715 1144 Ι

282 1167 340 1245 len
368 1165 562 1244 tridentina
592 1188 662 1241 non
693 1161 786 1264 riget

284 1290 322 1367 in
349 1287 550 1392 Adyssieio.
581 1331 605 1345 -
628 1283 687 1390 (1)

282 1411 404 1502 Quoad
433 1417 625 1490 innarenn
654 1405 965 1513 septentrionalem

176 1550 319 1616 constat
339 1561 409 1612 non
428 1535 536 1612 luisse
567 1533 827 1639 promulgatum

280 1661 317 1738 in
345 1659 496 1738 dioecesi
526 1653 790 1734 Boltimorensr'.

284 1793 347 1864 12.
366 1785 401 1888 c)
429 1787 521 1861 Loca
549 1781 592 1860 de
621 1779 752 1885 quibus
780 1777 897 1856 adhuc
921 1775 1066 1854 debiam
1091 1775 1199 1880 eipct,
1216 1785 1336 1852 utrum

174 1907 396 2013 publicatum
408 1905 514 1986 luerit
526 1906 758 1986 tridentinum
778 1903 971 1996 decretura,
986 1901 1073 1980 haec
1089 1909 1332 1980 recensentur:
1360 2002 1362 2010 Ι

285 2031 335 2110 ad
363 2035 540 2111 Ennoean
568 2029 662 2136 quod
692 2031 821 2108 attinet

283 2159 432 2232 Bremoe
459 2153 496 2230 in
524 2151 654 2230 circulo
685 2149 862 2228 Soeonioe
889 2145 1083 2243 inferioris3

282 2276 319 2354 in
353 2273 536 2361 Valeriae,

281 2400 318 2477 in
347 2397 540 2504 Belporio,·
569 2399 758 2504 praecipue
787 2423 868 2478 vero
888 2398 924 2474 in
944 2393 1096 2475 dioecesi
1126 2391 1287 2499 Sophiae.

280 2521 402 2612 Quoad
431 2527 543 2600 lsran

281 2647 319 2724 in
349 2645 482 2751 Syrie;

278 2771 459 2850 ininsula
492 2771 623 2875 Cppri;

277 2895 315 2972 in
343 2921 403 2973 ora
432 2895 654 2973 Molodorieo
682 2895 749 2974 snb
778 2896 896 3000 aliquo
924 2907 1100 3002 respectu.
1124 2937 1147 2951 -
1168 2887 1226 2995 (2)

279 3017 401 3108 Quoad
431 3024 622 3098 dunarcan
650 3019 963 3126 septentrionalem

170 3330 227 3390 luit
247 3329 434 3400 prabliratum,
454 3337 503 3388 aut
522 3329 622 3388 saitem
641 3345 700 3388 non
719 3331 772 3388 init
790 3333 974 3390 observatum
991 3339 1126 3402 unquam
1148 3329 1194 3388 lex
1208 3327 1333 3394 concilii,

163 3425 259 3490 prout
278 3417 311 3472 dc
331 3419 382 3474 hoo
402 3419 555 3474 Vicoriato
577 3425 698 3478 constet.
719 3435 751 3476 ea
770 3429 865 3477 tamen
885 3435 997 3492 semper
1020 3417 1176 3491 prohibuit,
1205 3431 1237 3472 ac
1256 3413 1335 3472 dete·

168 3511 242 3561 stata
263 3509 306 3561 est
325 3504 488 3561 Ecclesia».

243 3593 276 3664 (ll
297 3597 393 3664 Neque
412 3595 489 3664 apud
509 3596 630 3667 ceptior
648 3597 777 3668 Aegypti,
798 3604 829 3654 ut
847 3597 996 3654 asseritur.

241 3683 332 3751 Adde,
353 3683 428 3754 quod
448 3685 478 3740 in
498 3684 590 3740 insula
611 3687 807 3757 Madaposcor
832 3687 927 3743 adduc
954 3686 1127 3757 publicatum
1147 3695 1205 3736 non
1225 3684 1267 3736 est
1286 3677 1334 3732 tri·

167 3771 321 3828 dentinnrn
347 3773 503 3842 decretum,
524 3781 556 3830 ut
574 3783 704 3830 constare
729 3775 844 3845 quidam
864 3782 1007 3832 asserunt.
1028 3773 1097 3828 Vide
1116 3767 1216 3834 Zitelli,
1237 3769 1288 3838 Op.
1308 3769 1334 3821 et

170 3859 226 3916 lec.
246 3861 298 3916 cit.

240 3945 278 4018 (i)
297 3947 339 4003 Ad
358 3947 491 4020 Africum
511 3949 587 4020 quod
606 3949 715 4016 attinet,
736 3957 836 4008 exorto
856 3951 944 4008 dnbio
969 3965 1006 4006 an
1025 3949 1169 4006 decretum
1188 3943 1255 4001 trid.
1276 3943 1335 4000 ine·

166 4037 207 4092 rit
217 4037 271 4092 rite
283 4037 494 4107 promulgatum
510 4038 538 4092 in
551 4039 754 4093 Promontorio
769 4037 857 4094 donae
870 4039 929 4108 spei
940 4037 1024 4108 (capo
1038 4037 1065 4091 di
1082 4037 1174 4092 buona
1187 4031 1333 4104 speranza)

165 4125 199 4181 C.
220 4126 249 4180 S·
270 4123 321 4180 Oli.
343 4124 387 4180 die
405 4129 440 4179 22
458 4125 533 4181 totta·
557 4130 625 4180 4840
651 4125 790 4180 decrevit:
813 4128 901 4180 «Non
922 4125 989 4180 satis
1017 4130 1158 4188 constare,
1189 4121 1336 4176 decretum

164 4210 359 4276 rridentinnrn
380 4211 417 4268 ibi
438 4211 528 4268 inisse
554 4212 750 4283 publicatum:
767 4213 874 4282 optirne
899 4219 993 4268 autent
1014 4225 1043 4268 se
1063 4224 1161 4283 gerere
1188 4209 1336 4265 missiona·

167 4299 242 4367 rios,
262 4299 332 4356 dum
354 4301 533 4356 matrimonia
555 4303 583 4357 in
603 4301 692 4358 torma
713 4301 860 4357 tridentini
880 4301 1022 4358 celebrare
1041 4307 1173 4372 satagunt
1188 4320 1212 4353 >›.
1233 4301 1276 4354 Er
1294 4309 1336 4352 re·

165 4389 259 4460 gestis
278 4391 305 4444 S.
326 4391 356 4446 C.
377 4387 413 4444 de
432 4389 616 4460 Propaganda
637 4389 701 4446 lide.
