3406 5302
665 481 699 492 —
722 447 839 510 2¹13-

163 599 204 653 se
230 573 409 678 loquendo
436 572 578 678 signum
606 573 655 652 sit
682 573 928 678 aequivocnm,
959 575 1044 678 quia
1071 597 1117 652 ex
1137 573 1218 654 aliis
1245 599 1331 655 cuu-

165 696 229 792 sis,
261 707 348 803 puta
376 723 420 774 err
448 698 674 776 simulatione
706 697 923 776 matrimonii
957 697 1002 775 ad
1035 711 1177 802 turpem
1207 711 1332 802 tegen-

163 819 250 900 dum
293 846 461 918 amorem,
507 820 583 900 fieri
623 833 755 927 potest,
795 821 849 900 uti
886 822 1139 903 animadvertit
1173 825 1332 904 Sunchez

164 944 216 1048 (l.
247 971 280 1024 c.
312 944 373 1024 lib.
408 957 444 1024 1.
485 944 579 1052 disp.
611 955 676 1025 22.
708 969 809 1024 num.
845 947 912 1048 l):
944 971 1015 1024 non
1049 947 1098 1027 ita
1127 962 1246 1028 tamen
1276 951 1332 1029 iu·

166 1068 357 1149 dicandum
385 1085 440 1151 est
468 1097 548 1150 cum
577 1071 662 1150 talia
690 1069 952 1168 antecedentia,
993 1073 1266 1154 concomitantia
1294 1089 1332 1157 et

166 1193 425 1299 subsequentia
453 1195 585 1274 adsunt
613 1194 796 1290 adiuncta,
833 1219 926 1299 quac
964 1221 1175 1276 consensum
1205 1199 1332 1277 saltem

166 1316 337 1424 implicite
355 1333 392 1399 et
411 1319 580 1398 indirecte
594 1321 805 1425 praestitum
821 1317 929 1398 luisse
945 1319 1203 1400 demonstrent.
1225 1327 1333 1400 Prae·

168 1457 222 1522 ter
249 1447 343 1524 enim
371 1445 442 1523 alia
470 1445 641 1524 adnotata
668 1469 784 1550 nuper
812 1442 995 1540 adiuncta,
1019 1445 1103 1525 huic
1122 1446 1331 1526 immissioni

165 1581 204 1646 et
231 1568 424 1674 receptioni
453 1569 577 1647 annuli
601 1579 867 1674 praecesserunt
901 1567 1023 1655 verbe,
1056 1569 1189 1674 quibus
1216 1569 1331 1648 Titius

166 1716 378 1770 consensum
406 1691 650 1798 depraesenti
669 1690 770 1771 dedit
784 1691 829 1770 ad
850 1693 1114 1776 matrimonium
1134 1693 1331 1772 ineundum

165 1837 246 1892 cum
275 1815 371 1892 Caio.
404 1815 512 1920 Atqui
544 1816 615 1894 ‹si
643 1814 752 1894 verba
781 1815 888 1894 unius
915 1819 1188 1920 praecesserint,
1208 1831 1250 1896 ut
1268 1815 1333 1896 de·

165 1951 223 2016 cet
251 1937 344 2016 idem
373 1940 544 2034 Sanebez,
575 1939 749 2018 immissio
775 1938 956 2018 annullet
975 1943 1142 2045 receptio,
1164 1954 1333 2046 operatur

166 2060 312 2140 uerbum
340 2089 543 2168 expressum
571 2061 720 2142 ulterius
748 2075 782 2142 et
808 2089 1026 2142 consensum.
1059 2069 1175 2154 Quare
1203 2066 1233 2144 si
1254 2091 1334 2144 ver·

167 2183 253 2262 bum
281 2186 496 2265 matrimonii
533 2187 741 2292 praecessit,
779 2200 947 2292 operatur
980 2188 1332 2269 matrimonium:·si

167 2335 251 2390 vero
279 2311 512 2415 sponsalium,
544 2313 742 2416 sponsalia:
774 2312 859 2416 quia
888 2325 1010 2390 tacens
1038 2313 1217 2390 consentit
1241 2312 1332 2392 lacto

167 2434 245 2538 ipso
273 2433 357 2512 dum
386 2435 556 2513 annulum
585 2437 732 2540 recepit.
764 2440 851 2540 Arp.
883 2434 909 2512 l.
941 2433 1132 2542 Puolesff.
1152 2461 1225 2516 reto
1254 2449 1328 2516 rot.

167 2557 248 2637 tat.
271 2571 376 2638 etc.»
407 2559 583 2666 (Sancbcz
610 2558 637 2637 l.
669 2585 700 2638 c.
732 2585 831 2638 uum.
856 2558 910 2662 3).
929 2605 953 2620 -
973 2559 1122 2640 Videtur
1142 2561 1251 2665 igitur
1266 2562 1333 2642 boc

166 2707 238 2761 non
266 2707 344 2762 esse
372 2685 634 2762 matrimonium
658 2695 946 2788 praesumptum,
966 2683 1028 2762 sed
1044 2685 1248 2790 coniugium
1264 2688 1334 2766 ini-

167 2819 241 2886 tum
271 2832 444 2886 consensu
474 2805 647 2912 implicito
674 2820 711 2885 et
738 2805 913 2911 probabili
943 2806 1068 2886 saltem
1097 2808 1135 2886 in
1169 2809 1243 2888 loro
1271 2835 1335 2890 eu·

166 2943 282 3026 terne,
313 2930 487 3038 quidquid
517 2931 564 3010 sit
581 2931 624 3009 de
643 2931 881 3010 conscientiae
902 2930 976 3010 loro
995 2931 1025 3010 si
1046 2933 1184 3012 nullum
1204 2959 1333 3040 reapse

166 3055 248 3133 Cuia
276 3080 487 3134 consensum
516 3055 704 3160 praebens,
735 3057 997 3135 matrimonium
1026 3056 1221 3136 simulavit.

247 3188 312 3258 23.
344 3179 481 3268 Quibus
509 3179 635 3284 positis
663 3205 775 3283 prona
807 3195 863 3258 est
891 3179 935 3257 ad
965 3182 1125 3286 priimum
1153 3183 1335 3286 quaestio·

166 3327 247 3382 nem
274 3303 469 3382 conclusio.
502 3303 641 3382 Etenim
670 3327 792 3381 omnes
811 3317 957 3398 norunt,
981 3303 1131 3383 leviores
1151 3306 1334 3410 probatio-

167 3451 232 3507 nes
259 3427 421 3506 sufficere
441 3453 519 3507 cum
540 3429 658 3531 agitur
677 3427 720 3506 de
736 3430 958 3507 matrimonio
977 3431 1203 3525 sustinendo,
1225 3459 1333 3537 quam

169 3575 247 3629 cum
263 3575 320 3629 res
330 3565 384 3630 est
399 3550 442 3629 de
457 3577 498 3630 eo
514 3549 752 3646 dissolvendo,
771 3553 825 3630 uti
842 3551 1094 3632 animadvertit
1109 3555 1328 3661 Scbmalzgr.

168 3674 217 3778 (l.
248 3681 325 3780 c.).
357 3680 402 3755 Et
432 3709 450 3750 α
474 3676 511 3753 in
539 3675 662 3771 dubio,
694 3675 739 3753 ud
767 3677 939 3755 monitum
960 3677 1072 3772 Cossi,
1095 3681 1335 3783 pronuntian-

169 3798 253 3878 dum
281 3813 337 3878 est
365 3825 428 3905 pro
455 3800 640 3879 validitate
668 3801 883 3880 matrimonii
904 3799 941 3877 in
960 3801 1233 3905 quaestionibus
1253 3804 1335 3882 nul·

169 3924 322 4003 litatis»
353 3925 422 4029 (de
449 3937 605 4030 separet.
647 3923 733 4010 tori,
763 3922 826 4002 lib.
859 3933 896 4002 3.
929 3949 960 4001 c.
993 3933 1031 4002 2.
1063 3949 1161 4001 uero.
1195 3933 1271 4005 386
1300 3938 1334 4004 et

169 4051 298 4154 supp).
330 4049 488 4156 ldipsnm
518 4049 619 4128 docet
647 4063 683 4128 et
712 4049 870 4128 Sancbez
898 4074 941 4127 er
969 4073 1049 4153 cap.
1074 4075 1118 4128 erc
1146 4048 1277 4136 literis,
1292 4051 1335 4130 de

166 4175 395 4279 probatiora,
424 4176 512 4254 illud
540 4175 676 4254 addens
703 4175 799 4280 quod
829 4175 864 4252 in
893 4173 1003 4252 dubie
1030 4174 1076 4252 de
1103 4199 1278 4253 censensu
1298 4189 1336 4255 et

170 4315 427 4405 consequenter
453 4299 498 4378 de
530 4301 768 4394 matrimonio,
798 4301 838 4377 in
867 4309 1013 4404 utroque
1048 4298 1132 4401 foro
1158 4299 1338 4401 (externo
