3456 5300
667 471 844 532 -ll3-
1038 427 1088 538 .

175 591 262 670 tilioi
291 591 435 686 obtulit,
467 617 645 697 quemque
673 592 797 672 retulit
825 591 1004 670 Cardenus
1032 593 1105 698 (l).
1140 593 1344 671 «Maiorem

175 715 284 809 enim,
315 715 433 818 inquit
462 717 636 808 Sanehez,
667 715 871 795 firmitatem
900 715 1049 794 sortitur
1080 717 1343 796 matrimonium

174 841 385 921 erratione
416 841 643 936 sacramenti,
679 867 786 948 qnam
821 841 931 920 habet
960 842 1197 946 (coniugium)
1227 856 1343 922 ratum

173 963 347 1060 fidelium,
377 991 485 1071 quam
505 991 547 1046 er
568 967 706 1045 ratione
733 979 939 1045 eontraotus
953 965 1142 1061 naturalis,
1160 991 1267 1070 quam
1286 993 1346 1046 so·

174 1089 247 1168 lum
276 1091 387 1170 habet
415 1093 676 1170 matrimonium
706 1106 987 1171 eonsummatum
1021 1091 1338 1170 infidelium...

175 1218 261 1292 Cum
289 1241 372 1318 ergo
400 1216 514 1320 possit
541 1215 703 1294 Pontifex
733 1215 940 1320 dispensare
960 1215 998 1294 in
1021 1215 1245 1294 matrimonio
1265 1229 1343 1296 rato

173 1337 347 1434 fidelium,
366 1341 498 1444 poterit
516 1365 536 1416 a
552 1337 686 1418 fortiori
707 1339 745 1417 in
759 1353 1002 1418 consummato
1017 1339 1246 1418 infidelium»
1265 1340 1279 1444 (
1308 1337 1339 1444 ).

255 1472 319 1543 20.
353 1464 511 1542 Secundo
538 1467 723 1570 quaeritur
751 1463 838 1568 quid
859 1464 1034 1567 agendum
1054 1465 1116 1559 sit,
1133 1463 1278 1569 quando
1297 1464 1342 1543 ob

175 1585 324 1666 alteram
353 1613 396 1666 ex
425 1586 530 1668 dietis
558 1589 676 1667 nausis
702 1613 813 1694 prope
841 1600 894 1667 est
923 1588 1142 1693 impossibile
1163 1587 1341 1670 infidelem

172 1711 401 1816 interpellare
430 1713 628 1814 coniugem,
667 1711 801 1791 soilioet
828 1712 914 1816 quia
948 1715 1132 1814 ignoratur
1166 1737 1340 1818 quaenam

172 1853 208 1907 e.
231 1856 285 1930 gr.
318 1857 361 1910 err
390 1829 555 1936 pluribus
583 1832 770 1926 uxoribus,
801 1857 891 1935 quas
920 1857 1111 1911 conversus
1130 1833 1262 1912 habeat
1287 1833 1343 1912 rel

171 1952 355 2049 habuerit,
388 1953 649 2062 interpellanda
677 1955 724 2034 sit
752 1967 922 2059 tanquam
942 1955 1113 2058 legitima,
1142 1981 1184 2034 ea
1204 1957 1342 2034 ratione

170 2077 267 2182 qnod
297 2084 471 2159 inoertum
486 2083 547 2174 sit,
565 2105 741 2183 quaenam
762 2081 809 2158 sit
819 2081 942 2185 primo
961 2105 1051 2158 uror
1075 2093 1246 2184 tanquam
1266 2080 1341 2160 sola

171 2200 330 2302 legitima
358 2217 439 2306 post
454 2203 680 2306 evangelicae
698 2203 786 2306 legis
806 2203 1138 2308 promulgationem.
1158 2203 1340 2282 Eiusmodi

170 2325 389 2406 incertitudo
418 2353 462 2406 er
490 2327 739 2434 frequentibus
767 2329 949 2406 enasoitur
976 2327 1208 2406 barbarorum
1234 2353 1342 2434 repn-

170 2446 256 2542 diis,
286 2451 337 2528 ita
365 2463 406 2529 ut
425 2450 604 2554 legitimae
624 2475 754 2530 uxores
768 2450 814 2528 ab
834 2451 913 2529 aliis
932 2451 1142 2556 repudiatae
1162 2451 1341 2531 dueantur

170 2569 218 2648 ab
246 2573 340 2667 aliis,
371 2575 432 2680 qui
461 2590 498 2654 et
525 2601 609 2654 suas
637 2589 700 2653 aut
719 2601 790 2653 non
806 2600 890 2653 suas
905 2589 941 2654 et
956 2577 1024 2680 ipsi
1044 2576 1335 2680 repudiaverunt,

169 2708 208 2772 et
236 2696 324 2776 alias
352 2711 460 2803 atque
488 2698 577 2778 alios
606 2698 801 2796 duxerant3
833 2700 884 2776 ita
912 2713 1011 2778 uter
1032 2698 1100 2777 hae
1128 2700 1283 2778 virorum
1304 2711 1340 2778 et
1463 2791 1466 2796 ,

169 2818 359 2934 mulierum
387 2821 499 2901 veluti
527 2825 801 2901 commutatione
830 2823 867 2900 in
887 2822 977 2917 dies,
1004 2822 1165 2902 oonlusio
1193 2849 1341 2902 enasca-

168 2953 244 3036 tur,
278 2968 350 3046 qna
386 2969 489 3023 namo
525 2945 708 3024 hominum
741 2946 956 3050 quandoque
990 2945 1109 3024 valeat
1145 2945 1338 3049 legitimam

168 3062 358 3166 designare
390 3093 536 3148 uxorem
574 3071 735 3148 conversi
773 3069 858 3164 viri,
899 3069 955 3147 vel
993 3071 1107 3148 virum
1146 3096 1338 3152 conversae

167 3187 307 3266 uxoris.
351 3287 354 3295 A

251 3318 360 3394 Porro
379 3315 463 3394 dato
478 3317 585 3394 etiam
600 3317 695 3421 quod
711 3315 913 3422 neophytus
931 3315 1124 3418 legitimam
1145 3315 1339 3422 aliquando

167 3440 331 3518 invenire
365 3453 486 3543 posset
518 3465 663 3518 uxorem
691 3439 738 3517 ab
766 3463 803 3518 se
831 3432 1069 3543 repudiatam,
1111 3439 1241 3517 durum
1270 3439 1338 3545 ipsi

168 3577 259 3658 erat,
293 3563 386 3641 hano
414 3564 585 3668 reeipere,
609 3576 643 3642 et
662 3587 754 3656 eam,
785 3587 892 3668 quam
920 3562 1194 3668 praediligebat,
1217 3563 1339 3642 dimit·

159 3702 259 3797 tere.
292 3686 444 3765 Aliunde
473 3687 547 3766 sire
575 3689 660 3792 quia
687 3689 784 3793 prior
812 3687 969 3790 legitima
998 3713 1089 3766 uror
1116 3689 1337 3793 interpellari

165 3836 240 3889 non
268 3825 409 3916 poterat
437 3836 478 3888 eo
506 3811 602 3915 quod
630 3810 876 3914 ignorabatur,
900 3825 937 3891 et
954 3810 1074 3890 lorsan
1102 3813 1172 3890 iam
1201 3814 1334 3918 etipsa

167 3935 213 4012 ad
242 3935 348 4014 tidem
376 3959 564 4031 eonversa3
586 3935 642 4012 vel
661 3936 747 4040 quia
766 3935 912 4014 inventa
932 3947 967 4013 et
987 3916 1228 4040 interpellata,
1251 3961 1338 4014 oon-

239 4217 277 4290 tl)
296 4217 448 4283 Cardenus,
473 4219 603 4290 Theoloq.
623 4225 704 4290 part.
727 4224 751 4272 t.
772 4219 886 4276 dissert.
907 4223 932 4276 2.
951 4235 983 4274 u.
1003 4225 1055 4276 552
1074 4221 1119 4275 ott.
1136 4235 1151 4276 a
1167 4219 1202 4276 el.
1224 4234 1252 4290 p.
1273 4218 1335 4275 Bal-

167 4304 251 4361 lerinl
273 4306 302 4361 in
322 4307 396 4362 notis
416 4306 451 4362 ad
470 4305 556 4362 theol.
577 4321 650 4364 mor.
671 4309 746 4376 Gury
766 4313 787 4363 t.
810 4312 837 4362 2.
858 4306 892 4363 ad
916 4323 947 4364 u.
962 4311 1013 4364 759
1032 4315 1103 4364 uota
1121 4305 1160 4380 (a)
1176 4322 1249 4379 pop.
1270 4313 1333 4374 517,

139 4431 143 4442 ·
166 4393 235 4450 odit.
256 4396 361 4450 Romae
381 4399 461 4451 4869.

239 4483 274 4554 (2)
293 4485 419 4540 Sanolrez
440 4485 491 4543 lib.
512 4490 538 4541 2.
559 4485 635 4557 disp.
657 4491 700 4542 17.
720 4501 751 4542 rt.
772 4489 800 4542 2.

234 4573 371 4618 nauseant.
386 4573 420 4618 De
433 4572 629 4633 impedimentis.
825 4585 830 4596 ·
1262 4577 1277 4618 8
