3456 5300
826 449 863 462 -
884 417 923 479 aa
945 449 987 466 ...

330 537 532 638 gnationem
559 537 783 632 contrahere,
815 537 953 619 etiamsi
983 563 1026 616 erc
1049 535 1252 622 &industria
1272 536 1410 619 seclusa
1429 560 1493 616 no-

331 661 521 756 cessitate,
545 659 678 766 prolem
709 675 877 766 parentes
913 661 1151 767 baptizarent.
1189 665 1275 740 Cum
1306 659 1489 743 antemio

330 811 367 863 re
396 786 520 865 saltem
548 783 657 864 dubia
685 800 841 890 nequeat
868 789 925 864 ius
965 798 1101 864 certum
1143 784 1285 888 coniugi
1326 782 1485 878 aulerci,

328 910 530 1013 negandum
549 923 617 1005 est,
640 933 704 1014 per
724 911 790 990 hoc
808 910 919 990 ullam
935 912 1016 991 usai
1031 912 1186 1014 coniugii
1200 908 1490 1014 impedimentum

329 1037 459 1140 aaroni
486 1035 559 1141 (1).
1305 1111 1310 1120 -

410 1169 474 1240 20.
507 1160 685 1264 Religiose
713 1159 822 1240 etiam
849 1172 949 1240 tenet
976 1174 1012 1240 et
1031 1161 1098 1240 hoc
1117 1158 1407 1264 impedimentum
1423 1163 1491 1236 Ec-

327 1282 434 1362 clesia
468 1309 609 1388 procae.
641 1283 851 1364 Differentia·
874 1299 992 1365 tamen
1022 1284 1146 1390 aliqua
1174 1286 1267 1362 inter
1304 1281 1490 1386 utriusque

329 1407 507 1488 Ecclesiae
534 1408 716 1487 orientalis
744 1420 780 1488 et
808 1406 1038 1488 occidentalis
1066 1405 1292 1512 disciplinam
1319 1404 1356 1482 in
1376 1417 1490 1486 coest

330 1563 354 1605 ‹.
371 1533 467 1636 quod
495 1531 690 1611 secundnm
705 1531 865 1610 Latinos
883 1533 1094 1636 permissum
1114 1534 1162 1610 sit
1180 1530 1253 1608 lilio
1272 1527 1404 1635 patrini
1424 1527 1491 1607 du-

327 1677 406 1732 cere
434 1677 589 1734 sororem
616 1652 679 1732 filii
708 1653 905 1759 spiritualis
933 1653 1148 1758 patrissui:
1179 1649 1275 1756 qnod
1293 1676 1357 1756 per
1384 1649 1492 1730 disci-

326 1775 459 1882 plinam
483 1802 649 1879 ‚graecam
678 1776 899 1882 prohibitum
926 1789 996 1872 ost,
1019 1779 1256 1880 inquantum
1278 1777 1372 1854 inter
1400 1771 1489 1852 filios

326 1900 549 2005 patrinorum
577 1914 686 2004 atque
705 1900 816 1980 lilium
831 1901 1054 2007 spiritualem
1073 1904 1222 2005 eiusque
1237 1899 1365 1978 iratres
1383 1911 1418 1976 et
1433 1922 1491 1974 sn·

327 2046 424 2106 rores
450 2026 617 2130 fraterno
644 2026 830 2106 correlatio
858 2025 1059 2106 consistit»
1090 2026 1149 2130 (a)
1169 2047 1264 2104 more
1293 2021 1489 2130 spiritualis

327 2151 548 2252 cognationis
574 2150 835 2256 fraternitatis,
864 2151 926 2230 sed
945 2153 1058 2256 magis
1077 2165 1262 2246 extensae,
1293 2173 1386 2254 quae
1413 2149 1489 2228 iure

326 2279 475 2382 antiqno
494 2276 725 2358 decretalium
743 2291 827 2356 ante
847 2277 1093 2358 Tridentinnm
1112 2275 1256 2380 vigebat
1276 2273 1349 2378 (3).
1372 2315 1396 2336 ·
1416 2271 1489 2355 lli-

326 2416 382 2481 ter
408 2415 528 2480 tamen
554 2403 665 2482 sentit
692 2402 955 2484 Maronitarum
984 2401 1158 2487 Ecclesia,
1186 2425 1279 2506 quae
1298 2412 1340 2479 ut
1367 2397 1404 2476 in
1432 2419 1490 2474 ce-

326 2523 427 2621 teris,
459 2526 496 2603 in
515 2525 559 2604 iis
577 2528 800 2630 praesertim,
831 2539 872 2606 ut
899 2551 963 2631 par
990 2539 1081 2622 erat,
1118 2551 1210 2630 quae
1238 2523 1283 2604 ad
1312 2546 1426 2602 mores
1452 2534 1488 2601 et

326 2647 430 2726 fidem
459 2649 655 2754 pertinent,
678 2649 728 2728 ita
747 2663 783 2728 et
803 2651 839 2730 in
859 2651 1068 2752 cognatione
1092 2648 1270 2755 spirituali
1290 2645 1487 2730 Tridentini

327 2774 471 2852 Concilii
497 2787 634 2854 statuta
661 2776 699 2853 in
727 2775 869 2882 Synodo
897 2777 1089 2858 Libanensi
1122 2781 1318 2882 excepisse,
1340 2787 1376 2854 et
1395 2775 1487 2852 inter

327 2921 411 2976 snos
439 2895 574 2976 dudum
601 2899 795 2980 invaluisse
823 2899 880 2980 his
899 2901 1017 2980 verbis
1044 2899 1151 2980 edicit
1174 2909 1282 3005 atque
1309 2909 1482 2978 testatur:

328 3022 537 3130 ‹-Cognatio
574 3022 771 3127 spiritualis
799 3048 844 3102 er
872 3023 1047 3130 baptismo
1072 3024 1298 3104 ‘contrahitur
1327 3023 1419 3102 inter
1434 3033 1488 3098 te-

328 3175 357 3220 «.
368 3161 513 3226 nentem
527 3173 568 3226 ae
582 3147 801 3252 baptizatum
821 3149 938 3254 ipsum
951 3151 1098 3230 etillius
1111 3163 1249 3256 patrem
1267 3161 1303 3228 et
1321 3155 1483 3239 matrem,

328 3292 434 3347 <nee
461 3293 533 3348 non
561 3271 655 3350 inter
683 3270 924 3376 baptizantem
951 3287 988 3352 et
1006 3273 1225 3379 baptizatum
1244 3271 1485 3378 baptizatique

327 3405 504 3497 opattam
531 3419 573 3472 ac
600 3409 748 3474 matrem
777 3409 929 3476 tantam.
952 3398 1120 3478 Similiter
1140 3407 1184 3477 ea'
1204 3393 1485 3478 Confirmationis

326 3531 587 3600 «sacramento
615 3520 839 3600 contrahitur
866 3523 1030 3626 cognatio
1057 3522 1255 3629 spiritualis
1279 3522 1372 3600 inter
1400 3542 1485 3600 con-

326 3641 565 3724 ‹firmantem
594 3657 632 3722 et
658 3643 903 3724 confirmatum
931 3647 1098 3754 illiusque
1123 3659 1263 3752 patrem
1282 3658 1318 3724 et
1337 3656 1484 3723 matrem

393 3891 430 3963 (l)
447 3893 566 3948 Lauren.
578 3891 597 3948 l.
608 3908 631 3948 a.
644 3901 755 3964 quami.
771 3899 830 3950 att.
846 3923 878 3934 —
892 3895 1066 3968 Schmnizgr.
1080 3895 1131 3952 tao.
1150 3901 1175 3950 t.
1191 3895 1238 3952 tit.
1253 3899 1295 3950 tt.
1317 3909 1367 3950 rara.
1383 3895 1482 3948 ‹to-69.

392 3977 430 4050 (9)
452 3981 669 4052 Papp-Szildgyi
691 3981 742 4038 loo.
763 3982 811 4039 cit.
831 3981 861 4052 S.
882 3987 933 4040 111.

394 4066 433 4141 (3)
455 4069 641 4126 decretalium
664 4071 724 4127 iuro
743 4071 823 4128 tertia
843 4075 952 4142 species
970 4073 1149 4145 cognationis
1168 4070 1327 4142 spiritualis
1340 4075 1400 4126 erat
1419 4070 1478 4140 tro·

324 4158 457 4224 terciana,
480 4151 536 4229 aira
556 4160 773 4216 matrimonium
794 4160 906 4219 irritum
927 4171 987 4221 orat
1007 4165 1080 4220 inter
1100 4164 1173 4219 lilios
1192 4160 1320 4218 carnales
1341 4161 1481 4232 baptizan-

323 4241 369 4310 tis,
391 4246 587 4304 conlirmaniis
606 4253 634 4304 et
652 4248 828 4318 patrinorum
849 4263 885 4306 err
904 4265 961 4308 nna
982 4260 1113 4322 portast
1133 4253 1227 4322 ipsum
1248 4249 1422 4319 baptizatum
1436 4247 1482 4305 rel

324 4331 524 4391 confirmatum
543 4349 579 4392 ex
597 4335 684 4392 altera
703 4343 782 4406 parte
799 4335 913 4407 (Sancti.
933 4338 986 4396 lib.
1006 4340 1033 4394 7,
1053 4339 1126 4411 aaa.
1150 4344 1194 4396 at.
1214 4353 1244 4394 a.
1264 4343 1291 4393 9.
1318 4365 1349 4374 -
1366 4335 1483 4407 Pirhing

326 4417 377 4476 lib.
398 4427 424 4478 t.
445 4425 492 4482 tit.
514 4429 556 4480 tt.
577 4439 606 4481 a.
627 4422 666 4491 ti.
