3406 5302
890 441 1007 503 -242
1033 476 1064 489 —

476 577 540 647 22.
572 569 650 646 Non
670 565 897 646 obstantibus
916 569 1034 650 allatis
1055 568 1268 664 rationibus,
1290 593 1383 674 quae
1403 566 1553 648 suadere

396 692 576 786 videntur,
609 689 745 768 nullum
774 685 986 797 praestitum
1005 692 1115 771 luisse
1135 719 1155 769 a
1175 691 1256 772 Cuia
1281 715 1493 770 consensum
1513 689 1556 767 ad
1580 689 1586 704 '

396 815 657 894 matrimonium
687 839 766 892 cum
785 817 876 892 Titio
896 815 1106 911 ineundum,
1129 815 1184 893 vel
1205 814 1331 893 saltem
1351 811 1395 890 de
1414 837 1457 890 co
1475 837 1558 890 con·

396 965 503 1018 sensu
533 939 773 1018 testimonium
801 939 926 1018 haberi
954 965 1026 1017 non
1053 965 1157 1046 posse
1185 939 1381 1042 qualitera
1409 937 1557 1016 Triden-

397 1065 471 1143 tino
499 1061 768 1168 praescribitur,
799 1062 1032 1141 nihilominus
1052 1063 1208 1141 rationes
1227 1087 1246 1140 e
1266 1074 1389 1138 contra
1409 1083 1480 1137 uon
1499 1058 1560 1136 de-

396 1201 482 1268 sunt
509 1212 600 1291 quae
629 1187 713 1264 huic
741 1185 958 1266 adstruendo
985 1188 1174 1266 consensui
1194 1184 1319 1263 saltem
1339 1182 1559 1289 implicitoet

391 1336 460 1416 pro
486 1311 566 1415 soro
592 1321 738 1387 externo
765 1309 951 1412 suffragari
981 1311 1161 1389 videntur.
1193 1310 1291 1388 Talia
1311 1309 1405 1388 enim
1425 1306 1557 1388 adsunt

396 1433 659 1534 antecedentia,
691 1434 963 1512 concomitantia
993 1447 1029 1512 ct
1056 1431 1313 1537 subsequentia
1348 1429 1456 1508 huius
1485 1454 1559 1506 ma·

395 1558 553 1640 trimonii
582 1557 763 1650 adiuncta,
787 1569 826 1634 ut
846 1583 890 1634 ea
910 1557 967 1652 iis,
990 1557 1021 1634 si
1044 1581 1116 1635 nun
1144 1555 1334 1660 explicitus
1362 1566 1397 1634 et
1416 1555 1557 1632 omniuo

395 1681 615 1786 exploratus,
645 1679 839 1785 implicitos
870 1695 987 1759 tamen
1015 1680 1092 1759 erui
1120 1681 1231 1784 possit
1259 1677 1449 1756 admodum
1473 1700 1558 1781 pro-

394 1803 558 1914 babiliter
586 1803 630 1882 ad
660 1805 725 1883 hoo
753 1805 1015 1884 matrimonium
1047 1829 1246 1882 cousensus.
1282 1807 1428 1882 Constat
1460 1801 1553 1880 enim

396 1954 440 2008 er
467 1927 570 2022 actis,
602 1927 734 2021 Caiam,
765 1927 993 2034 sponsalibus
1021 1929 1120 2005 initis
1139 1941 1332 2030 utcumque
1354 1925 1505 2030 privatis
1523 1937 1557 2002 et

396 2052 565 2132 invalidis
595 2075 674 2130 cum
709 2051 813 2146 Titio,
849 2064 945 2130 stata
978 2049 1035 2128 die
1072 2077 1144 2128 una
1173 2075 1252 2128 cum
1280 2074 1322 2127 eo
1354 2063 1391 2128 ot
1418 2048 1557 2127 duobus

397 2174 565 2266 testibus,
596 2175 737 2251 nemine
774 2175 887 2278 ipsam
924 2189 1085 2276 cogente,
1118 2174 1179 2253 sed
1209 2185 1334 2279 sponte
1362 2171 1407 2250 ad
1435 2172 1559 2251 matri-

397 2295 555 2373 monium
583 2295 833 2374 celebrandum
862 2297 1007 2402 petiisse
1035 2298 1240 2403 parochiam
1258 2323 1289 2376 s.
1312 2297 1511 2389 Francisci3
1533 2339 1557 2354 -

396 2431 551 2512 constat,
584 2421 694 2522 ipsam
715 2431 750 2498 et
769 2445 939 2526 sponsum
958 2446 999 2499 ec
1018 2445 1056 2499 se
1071 2421 1263 2500 contulisse
1283 2435 1443 2522 rogatum
1463 2421 1559 2498 illius

397 2542 575 2620 Ecclesiae
603 2543 810 2648 paroohum,
842 2557 1031 2623 uteorum
1063 2543 1288 2622 matrimonio
1320 2543 1559 2622 assistentiam

395 2665 604 2771 praeberet;
627 2679 809 2745 -constat
837 2667 881 2746 ad
910 2669 1005 2746 hunc
1033 2667 1152 2762 finem,
1180 2668 1276 2774 ipsos
1304 2668 1495 2746 accessisse
1514 2665 1560 2744 ad

396 2788 604 2882 Ecclesiam,
636 2789 777 2868 stetisse
806 2789 907 2868 llerris
936 2790 1087 2892 genibus
1115 2815 1231 2868 coram
1259 2791 1414 2896 parocho
1442 2803 1478 2868 et
1505 2802 1559 2868 te-

395 2911 513 2990 stibus
540 2926 581 2990 ut
609 2937 819 2991 consensum
847 2916 1051 2993 emitterent
1079 2913 1134 3018 dc,
1151 2915 1332 3019 praesenti
1360 2915 1458 2992 iuxta
1487 2912 1558 2992 lor-

396 3059 488 3112 mam
518 3061 538 3111 a
566 3034 774 3113 Tridentino
811 3036 1067 3142 praescriptam
1095 3036 1175 3136 (Cir
1207 3063 1305 3116 nom.
1338 3035 1554 3142 5proec).

396 3162 443 3270 Et
470 3183 594 3262 reapse
631 3159 785 3264 parocho
822 3159 1056 3264 interroganti
1094 3161 1177 3238 Cain
1210 3160 1358 3240 verbum
1397 3185 1468 3239 non
1503 3183 1560 3237 rc-

397 3283 558 3388 spondit;
590 3297 628 3362 at
655 3285 769 3362 Titius
788 3285 926 3386 roganti
942 3283 1180 3379 satisfaciens,
1198 3309 1409 3363 consensum
1430 3285 1557 3362 iterato

397 3407 510 3486 verbis
538 3406 731 3511 expressit:
758 3419 839 3512 post
866 3433 957 3512 quoe
984 3407 1057 3486 oiri
1084 3408 1207 3496 cerba,
1241 3409 1324 3487 Cala
1351 3408 1557 3486 annuluma

395 3529 550 3635 parocho
569 3528 805 3634 ⁸benedictum
833 3531 986 3609 libenter
1014 3531 1168 3636 excepit,
1187 3533 1240 3610 uti
1259 3531 1362 3610 ambo
1378 3529 1553 3608 latentur:

400 3653 536 3733 ‹Tizio
564 3653 659 3732 disse
687 3651 724 3730 di
752 3658 783 3732 sl
812 3653 881 3732 dne
908 3655 1003 3733 volte
1032 3657 1097 3752 (ita
1127 3654 1288 3758 sponsa),
1307 3680 1327 3733 e
1346 3653 1403 3760 poi
1425 3653 1448 3731 il
1477 3679 1558 3760 par-

400 3803 522 3858 ‹roco
550 3777 735 3857 beoedisse
770 3779 929 3872 l'anello,
961 3804 981 3857 e
1008 3779 1042 3857 lo
1074 3777 1177 3858 dicde
1206 3807 1225 3856 a
1259 3781 1368 3872 Tizio,
1409 3779 1476 3858 che
1504 3803 1559 3856 me

398 3903 474 3982 ‹lo
501 3926 585 4008 pose
615 3902 651 3978 in
679 3901 795 3980 dito»
827 3903 962 4008 (lotor.
996 3901 1057 3981 lol.
1092 3902 1171 4006 10).
1191 3904 1359 3982 Similiter
1387 3917 1423 3981 et
1451 3927 1562 4006 spon·

394 4051 457 4106 sus
486 4027 685 4104 iuramento
712 4038 884 4104 testatur:
919 4025 992 4104 <ll
1020 4052 1166 4131 parrooo
1194 4025 1559 4121 beoedissel'anollo,

398 4151 505 4230 «che
534 4151 567 4228 io
595 4151 672 4254 posi
701 4149 738 4227 in
766 4149 841 4228 dito
869 4177 889 4227 a
918 4152 1014 4245 Caiu,
1045 4151 1079 4228 la
1107 4151 1214 4255 quale
1242 4151 1276 4230 lo
1303 4151 1473 4230 ricevctte
1492 4175 1565 4229 con

398 4289 530 4354 ‹tntta
558 4274 826 4382 spontaneit'a»
857 4276 993 4383 (letor.
1026 4273 1086 4352 lol.
1118 4273 1201 4378 21).

476 4403 551 4478 lam
578 4423 662 4478 vero
696 4399 858 4504 quamvis
895 4397 1064 4478 immissio
1091 4412 1129 4477 et
1156 4399 1310 4506 receptio
1342 4399 1468 4479 annuli
1495 4425 1568 4505 per
