3444 5302
827 487 985 548 ,ru-

318 639 466 693 causam
495 611 616 712 dedit,
648 611 798 717 ideoque
826 635 870 689 er
899 611 966 692 hoc
993 613 1122 690 initum
1149 609 1335 712 coniugale
1364 607 1488 688 loedus

321 739 427 844 plane
456 735 621 814 consistit
650 733 734 839 (l);

362 863 365 870 ’
404 858 536 945 Tertio,
565 871 605 936 ut
633 859 679 936 sit
707 858 751 938 od
770 857 968 938 extrinseco
986 859 1123 954 illatus,
1145 883 1252 964 quem
1271 881 1398 964 nempe
1417 884 1488 938 non

320 985 396 1089 ipse
425 981 641 1061 contrahens
669 981 812 1062 sibimet
846 983 1060 1080 incusserit3

403 1113 554 1198 Quarto,
583 1119 625 1184 ut
644 1107 691 1185 sit
719 1105 884 1184 incussus
911 1105 1044 1186 directe
1071 1106 1116 1184 ad
1145 1105 1431 1212 extorquendum
1450 1107 1487 1183 iu

322 1231 587 1309 matrimonium
624 1253 850 1307 consensum.
893 1230 1004 1308 Aliter
1035 1232 1129 1308 enim
1168 1229 1251 1309 huic
1287 1228 1486 1307 contractui

320 1354 418 1433 haud
445 1354 500 1432 vis
529 1351 695 1432 iulertur.
727 1354 820 1431 Hinc
846 1353 877 1431 si
904 1355 986 1458 quis
1015 1367 1113 1432 metu
1142 1351 1295 1447 inferni,
1336 1350 1488 1430 inconti-

319 1479 487 1573 nentiae,
518 1476 744 1582 paupertatis
771 1476 928 1582 aliquam
956 1477 1078 1572 ducit,
1118 1477 1197 1555 eius
1224 1477 1486 1554 matrimonium

317 1602 477 1681 validum
505 1599 651 1705 quidem
679 1613 748 1680 est.

401 1735 437 1804 t.
470 1723 653 1802 Eiusmodi
678 1737 797 1804 autem
826 1725 1119 1832 impedimentum
1148 1727 1228 1805 iure
1253 1726 1398 1832 quidem
1421 1753 1487 1833 po-

318 1849 426 1928 sitivo
444 1847 624 1926 Ecclesiae
643 1849 907 1928 matrimonium
926 1849 1074 1942 dirimit,
1105 1865 1147 1930 ut
1166 1863 1289 1956 patet;
1320 1849 1383 1930 sed
1406 1877 1489 1956 pro·

319 1972 477 2052 habilius
507 1971 585 2049 iure
612 1971 719 2050 ctiam
749 1973 914 2052 uuturcli
942 1974 1081 2053 irritum
1111 1973 1195 2054 lacit
1224 1979 1238 2078 (
1267 1980 1297 2080 ).

405 2107 442 2177 5.
475 2097 604 2173 Verum
634 2095 804 2176 utrolibet
832 2099 909 2176 iure
937 2098 1054 2176 dirimi
1092 2099 1190 2178 dicas
1223 2101 1485 2180 matrimonium

317 2220 420 2325 gravi
448 2245 493 2298 eu
520 2231 618 2297 metu
647 2219 800 2314 initum,
832 2219 922 2298 illud
949 2245 1013 2326 pro
1041 2235 1138 2300 certo
1167 2221 1389 2318 habendum,
1421 2223 1486 2302 hoc

319 2342 614 2450 impedimentum
629 2341 932 2447 dispensationem
949 2344 1045 2424 haud
1061 2343 1264 2425 admittere.
1286 2351 1372 2424 Cum
1393 2347 1485 2426 enim

317 2481 360 2547 ut
379 2467 539 2574 loquitur
565 2465 765 2545 Alexander
785 2469 839 2546 lll
869 2467 941 2571 (3),
973 2466 1087 2546 locum
1112 2495 1181 2547 uou
1200 2469 1326 2549 lubeat
1343 2495 1486 2548 cousen-

317 2619 376 2671 sus
406 2592 466 2670 ubi
493 2603 605 2670 metus
633 2591 689 2671 ael
716 2591 848 2670 coactio
877 2592 1077 2681 intercedit,
1108 2619 1241 2674 necesse
1263 2607 1329 2682 est,
1359 2607 1399 2674 ut
1427 2594 1486 2676 udi

314 2742 478 2796 assensus
498 2715 709 2822 cuiusquam
737 2715 952 2822 requiritur,
982 2718 1171 2797 coactionis
1199 2719 1354 2798 materie
1374 2718 1487 2826 repel-

315 2840 432 2919 latur.
450 2885 474 2900 -
495 2843 587 2919 Hinc
606 2854 675 2936 est,
705 2855 747 2919 ut
766 2865 871 2945 saepe
891 2867 983 2921 novo
1001 2841 1186 2948 liberoque
1206 2869 1382 2923 consensu
1401 2869 1486 2923 con·

316 2963 474 3042 valescat
502 2963 790 3058 matrimonium,
821 2963 918 3068 quod
947 2966 1088 3044 irritum
1115 2981 1231 3046 metus
1258 2993 1324 3046 seu
1352 2968 1406 3046 vis
1434 2967 1486 3046 le-

314 3101 416 3166 cerat
444 3087 517 3193 (l).
549 3087 606 3165 Sic
634 3111 698 3192 pro
725 3111 920 3166 consensus
948 3087 1183 3169 ratificatione
1214 3090 1326 3198 accipi
1354 3091 1481 3192 debet,

318 3213 356 3288 in
385 3209 460 3288 loro
488 3210 615 3288 saltem
648 3222 819 3306 externo,
860 3212 890 3288 si
920 3235 1003 3317 pars
1031 3237 1124 3317 quae
1154 3213 1225 3292 rim
1256 3229 1319 3294 aut
1349 3228 1484 3294 metum

318 3357 424 3437 passa
452 3343 525 3426 est,
556 3333 743 3437 sciensque
772 3333 912 3412 irritum
940 3333 1051 3413 luisse
1078 3338 1304 3442 coniugium,
1336 3338 1484 3418 alteram

316 3455 469 3560 partem,
500 3479 581 3536 cum
607 3481 679 3560 qua
707 3481 751 3534 ex
779 3458 813 3534 vi
842 3457 897 3536 vel
925 3471 1022 3538 metu
1050 3473 1278 3541 contraxerat
1304 3463 1486 3542 matrimo-

318 3578 432 3673 nium,
464 3576 575 3656 libere
603 3604 749 3683 prorsus
777 3605 818 3657 ac
842 3581 995 3659 maritali
1024 3599 1261 3689 prosequatur
1284 3612 1416 3676 amore,
1448 3601 1485 3666 et

389 3763 424 3838 (1)
443 3768 511 3837 Cap.
530 3764 558 3822 ei
575 3765 723 3824 reduxerit
742 3767 768 3824 1.
789 3776 816 3824 et
834 3781 896 3839 cap.
913 3771 1048 3842 peraruit
1073 3777 1097 3841 2,
1126 3773 1159 3831 de
1183 3775 1342 3834 adulteriis
1369 3786 1396 3836 et
1422 3784 1483 3837 etu-

314 3865 389 3924 pro;
409 3883 445 3894 —
463 3867 525 3924 cap.
546 3867 582 3910 ex
601 3852 703 3910 litteris
723 3855 766 3922 10,
786 3855 820 3912 de
838 3857 968 3928 sponsat.
989 3866 1014 3916 et
1033 3861 1236 3921 matrimonio.

388 3940 422 4012 (t)
441 3941 489 4000 clr
511 3943 712 4013 van-Espen:
732 3946 755 4000 l.
775 3947 806 4000 E.
835 3947 866 4002 u.
886 3953 967 4018 part.
987 3954 1014 4004 2.
1036 3949 1083 4007 tu.
1105 3955 1147 4007 tu.
1168 3965 1234 4024 cup.
1253 3959 1280 4010 9.
1308 3971 1339 4010 u.
1362 3960 1403 4022 td,
1432 3957 1483 4014 ubl

316 4027 450 4100 pluribus
469 4029 571 4101 probat
590 4061 623 4072 —
639 4050 654 4081 e
667 4032 769 4090 merito
788 4032 842 4090 lice
860 4033 1097 4106 impedimentum
1117 4055 1175 4097 non
1195 4041 1249 4100 soli
1267 4041 1331 4100 iuri
1346 4044 1479 4116 positivo

316 4139 331 4169 2
352 4119 402 4176 sed
423 4119 560 4177 naturali
578 4120 801 4180 adscribendum
820 4138 891 4180 esse.
915 4147 928 4176 a

387 4205 421 4278 (3)
437 4211 503 4279 cap.
524 4223 589 4266 urm
610 4210 705 4268 torum
725 4217 766 4280 tt,
789 4214 823 4271 de
840 4217 1026 4287 mouentibus
1044 4227 1070 4278 et
1089 4223 1293 4280 matrimonio.

384 4291 422 4365 (4)
440 4297 507 4367 cap.
526 4297 568 4353 ad
587 4296 618 4354 nt
636 4299 681 4366 m,
701 4300 754 4358 eod
778 4301 818 4360 tit.
840 4333 873 4344 -
894 4304 963 4362 Vide
984 4311 1151 4379 [fagnanum
1171 4311 1201 4368 iu
1220 4325 1283 4382 cap.
1304 4313 1331 4370 is
1359 4316 1415 4384 qut
1431 4319 1478 4379 eo,

312 4381 563 4528 delepouaulidue,
593 4401 622 4442 n.
649 4389 693 4458 44,
713 4390 763 4447 utri
784 4390 872 4449 habes
896 4408 927 4450 ea
948 4393 983 4452 de
1009 4411 1040 4452 re
1059 4397 1164 4455 editam
1183 4413 1199 4456 a
1219 4402 1247 4456 s.
1275 4401 1324 4458 Pio
1349 4403 1482 4460 vdeeta·

315 4483 346 4528 ra
362 4482 468 4530 renem.
