<?xml version="1.0" encoding="UTF-8"?>
<!DOCTYPE html PUBLIC "-//W3C//DTD XHTML 1.0 Transitional//EN"
    "http://www.w3.org/TR/xhtml1/DTD/xhtml1-transitional.dtd">
<html xmlns="http://www.w3.org/1999/xhtml" xml:lang="en" lang="en">
 <head>
  <title>
</title>
<meta http-equiv="Content-Type" content="text/html;charset=utf-8" />
  <meta name='ocr-system' content='tesseract 3.04.00' />
  <meta name='ocr-capabilities' content='ocr_page ocr_carea ocr_par ocr_line ocrx_word'/>
</head>
<body>
  <div class='ocr_page' id='page_1' title='image "./deimpedimentism00mansgoog_0414.png"; bbox 0 0 3446 5298; ppageno 0'>
   <div class='ocr_carea' id='block_1_1' title="bbox 686 431 860 495">
    <p class='ocr_par' dir='ltr' id='par_1_1' title="bbox 686 431 860 495">
     <span class='ocr_line' id='line_1_1' title="bbox 686 431 860 495; baseline -0.006 0"><span class='ocrx_word' id='word_1_1' title='bbox 686 431 860 495; x_wconf 78' lang='lat'>—395-</span> 
     </span>
    </p>
   </div>
   <div class='ocr_carea' id='block_1_2' title="bbox 184 555 1360 915">
    <p class='ocr_par' dir='ltr' id='par_1_2' title="bbox 184 555 1360 915">
     <span class='ocr_line' id='line_1_2' title="bbox 267 555 1358 660; baseline -0.002 -24"><span class='ocrx_word' id='word_1_2' title='bbox 267 560 309 636; x_wconf 90' lang='lat' dir='ltr'>In</span> <span class='ocrx_word' id='word_1_3' title='bbox 328 557 466 660; x_wconf 83' lang='lat' dir='ltr'>integra</span> <span class='ocrx_word' id='word_1_4' title='bbox 486 556 662 636; x_wconf 86' lang='lat' dir='ltr'>Decretali</span> <span class='ocrx_word' id='word_1_5' title='bbox 691 557 794 638; x_wconf 81' lang='lat' dir='ltr'>hlen.</span> <span class='ocrx_word' id='word_1_6' title='bbox 817 561 872 636; x_wconf 94' lang='lat' dir='ltr'>III</span> <span class='ocrx_word' id='word_1_7' title='bbox 899 615 908 634; x_wconf 91' lang='lat'><strong>.</strong></span> <span class='ocrx_word' id='word_1_8' title='bbox 935 615 944 632; x_wconf 95' lang='lat'><strong>.</strong></span> <span class='ocrx_word' id='word_1_9' title='bbox 971 615 980 632; x_wconf 88' lang='lat'><strong>.</strong></span> <span class='ocrx_word' id='word_1_10' title='bbox 1007 615 1016 633; x_wconf 92' lang='lat'><strong>.</strong></span> <span class='ocrx_word' id='word_1_11' title='bbox 1039 555 1112 660; x_wconf 87' lang='lat' dir='ltr'>(oc&#39;t</span> <span class='ocrx_word' id='word_1_12' title='bbox 1131 556 1169 634; x_wconf 84' lang='lat' dir='ltr'>ia</span> <span class='ocrx_word' id='word_1_13' title='bbox 1188 555 1358 659; x_wconf 72' lang='lat' dir='ltr'>precihus</span> 
     </span>
     <span class='ocr_line' id='line_1_3' title="bbox 185 677 1360 784; baseline 0.001 -27"><span class='ocrx_word' id='word_1_14' title='bbox 185 679 433 758; x_wconf 82' lang='lat' dir='ltr'>controversiis</span> <span class='ocrx_word' id='word_1_15' title='bbox 461 679 716 762; x_wconf 76' lang='lat' dir='ltr'><strong><em>consulendam</em></strong></span> <span class='ocrx_word' id='word_1_16' title='bbox 742 705 813 760; x_wconf 88' lang='lat' dir='ltr'>esse</span> <span class='ocrx_word' id='word_1_17' title='bbox 839 677 1070 784; x_wconf 83' lang='lat' dir='ltr'>apostolicam</span> <span class='ocrx_word' id='word_1_18' title='bbox 1100 677 1238 765; x_wconf 79' lang='lat' dir='ltr'>Sedato,</span> <span class='ocrx_word' id='word_1_19' title='bbox 1268 704 1360 784; x_wconf 82' lang='lat' dir='ltr'>quoe</span> 
     </span>
     <span class='ocr_line' id='line_1_4' title="bbox 184 804 617 915; baseline 0.005 -35"><span class='ocrx_word' id='word_1_20' title='bbox 184 829 252 908; x_wconf 88' lang='lat' dir='ltr'>pro</span> <span class='ocrx_word' id='word_1_21' title='bbox 279 829 373 882; x_wconf 87' lang='lat' dir='ltr'>more</span> <span class='ocrx_word' id='word_1_22' title='bbox 401 804 617 915; x_wconf 60' lang='lat' dir='ltr'>respondet)g</span> 
     </span>
    </p>
   </div>
   <div class='ocr_carea' id='block_1_3' title="bbox 188 929 1360 2510">
    <p class='ocr_par' dir='ltr' id='par_1_3' title="bbox 188 929 1360 2510">
     <span class='ocr_line' id='line_1_5' title="bbox 267 929 1359 1035; baseline 0.002 -29"><span class='ocrx_word' id='word_1_23' title='bbox 267 929 418 1008; x_wconf 82' lang='lat' dir='ltr'><strong>Thomas</strong></span> <span class='ocrx_word' id='word_1_24' title='bbox 446 930 604 1008; x_wconf 88' lang='lat' dir='ltr'>Sancheu</span> <span class='ocrx_word' id='word_1_25' title='bbox 626 991 666 1010; x_wconf 89' lang='lat'>..</span> <span class='ocrx_word' id='word_1_26' title='bbox 692 989 700 1008; x_wconf 92' lang='lat'><strong>.</strong></span> <span class='ocrx_word' id='word_1_27' title='bbox 728 991 736 1009; x_wconf 94' lang='lat'><strong>.</strong></span> <span class='ocrx_word' id='word_1_28' title='bbox 776 930 1034 1035; x_wconf 27' lang='lat' dir='ltr'>quaestionem,</span> <span class='ocrx_word' id='word_1_29' title='bbox 1060 930 1153 1008; x_wconf 88' lang='lat' dir='ltr'>hanc</span> <span class='ocrx_word' id='word_1_30' title='bbox 1179 931 1294 1032; x_wconf 83' lang='lat' dir='ltr'>agitat</span> <span class='ocrx_word' id='word_1_31' title='bbox 1321 929 1359 1008; x_wconf 91' lang='lat' dir='ltr'>iu</span> 
     </span>
     <span class='ocr_line' id='line_1_6' title="bbox 189 1053 1358 1160; baseline 0.003 -30"><span class='ocrx_word' id='word_1_32' title='bbox 189 1077 254 1130; x_wconf 93' lang='lat' dir='ltr'>suo</span> <span class='ocrx_word' id='word_1_33' title='bbox 282 1055 397 1157; x_wconf 89' lang='lat' dir='ltr'>Opere</span> <span class='ocrx_word' id='word_1_34' title='bbox 424 1053 466 1132; x_wconf 90' lang='lat' dir='ltr'>de</span> <span class='ocrx_word' id='word_1_35' title='bbox 493 1053 721 1134; x_wconf 84' lang='lat' dir='ltr'>matrimonio</span> <span class='ocrx_word' id='word_1_36' title='bbox 748 1053 811 1134; x_wconf 86' lang='lat' dir='ltr'>lih.</span> <span class='ocrx_word' id='word_1_37' title='bbox 843 1064 881 1134; x_wconf 85' lang='lat'>3.</span> <span class='ocrx_word' id='word_1_38' title='bbox 912 1054 1006 1159; x_wconf 87' lang='lat' dir='ltr'>disp.</span> <span class='ocrx_word' id='word_1_39' title='bbox 1046 1063 1108 1134; x_wconf 86' lang='lat'>17.</span> <span class='ocrx_word' id='word_1_40' title='bbox 1140 1065 1173 1133; x_wconf 87' lang='lat' dir='ltr'>et</span> <span class='ocrx_word' id='word_1_41' title='bbox 1202 1079 1272 1160; x_wconf 81' lang='lat' dir='ltr'>sep.</span> <span class='ocrx_word' id='word_1_42' title='bbox 1294 1053 1358 1134; x_wconf 93' lang='lat' dir='ltr'>uhi</span> 
     </span>
     <span class='ocr_line' id='line_1_7' title="bbox 190 1175 1352 1275; baseline 0.003 -21"><span class='ocrx_word' id='word_1_43' title='bbox 190 1175 257 1256; x_wconf 92' lang='lat' dir='ltr'>sub</span> <span class='ocrx_word' id='word_1_44' title='bbox 285 1201 323 1254; x_wconf 86' lang='lat' dir='ltr'>a.</span> <span class='ocrx_word' id='word_1_45' title='bbox 348 1187 396 1258; x_wconf 72' lang='grc'>29</span> <span class='ocrx_word' id='word_1_46' title='bbox 419 1177 578 1258; x_wconf 79' lang='lat' dir='ltr'><strong>defendit</strong></span> <span class='ocrx_word' id='word_1_47' title='bbox 599 1178 754 1258; x_wconf 89' lang='lat' dir='ltr'>validum</span> <span class='ocrx_word' id='word_1_48' title='bbox 773 1179 1036 1260; x_wconf 77' lang='lat' dir='ltr'>matrimonium</span> <span class='ocrx_word' id='word_1_49' title='bbox 1056 1179 1185 1258; x_wconf 89' lang='lat' dir='ltr'>initum</span> <span class='ocrx_word' id='word_1_50' title='bbox 1205 1179 1243 1256; x_wconf 91' lang='lat' dir='ltr'>in</span> <span class='ocrx_word' id='word_1_51' title='bbox 1261 1179 1352 1275; x_wconf 88' lang='lat' dir='ltr'>loeo,</span> 
     </span>
     <span class='ocr_line' id='line_1_8' title="bbox 189 1300 1359 1406; baseline 0.004 -28"><span class='ocrx_word' id='word_1_52' title='bbox 189 1300 251 1381; x_wconf 90' lang='lat' dir='ltr'>ubi</span> <span class='ocrx_word' id='word_1_53' title='bbox 265 1300 527 1406; x_wconf 79' lang='lat' dir='ltr'>promulgatum</span> <span class='ocrx_word' id='word_1_54' title='bbox 546 1327 619 1380; x_wconf 90' lang='lat' dir='ltr'>uon</span> <span class='ocrx_word' id='word_1_55' title='bbox 637 1303 746 1382; x_wconf 90' lang='lat' dir='ltr'>luerit</span> <span class='ocrx_word' id='word_1_56' title='bbox 761 1301 994 1384; x_wconf 88' lang='lat' dir='ltr'>tridentinum</span> <span class='ocrx_word' id='word_1_57' title='bbox 1010 1302 1218 1397; x_wconf 77' lang='lat' dir='ltr'>Concilium,</span> <span class='ocrx_word' id='word_1_58' title='bbox 1231 1327 1359 1406; x_wconf 88' lang='lat' dir='ltr'>quam-</span> 
     </span>
     <span class='ocr_line' id='line_1_9' title="bbox 189 1425 1355 1531; baseline 0.003 -28"><span class='ocrx_word' id='word_1_59' title='bbox 189 1425 244 1503; x_wconf 83' lang='lat' dir='ltr'>vis</span> <span class='ocrx_word' id='word_1_60' title='bbox 272 1425 330 1504; x_wconf 90' lang='lat' dir='ltr'>ille</span> <span class='ocrx_word' id='word_1_61' title='bbox 358 1427 420 1531; x_wconf 90' lang='lat' dir='ltr'>qui</span> <span class='ocrx_word' id='word_1_62' title='bbox 453 1427 648 1520; x_wconf 77' lang='lat' dir='ltr'>contrahit,</span> <span class='ocrx_word' id='word_1_63' title='bbox 689 1425 905 1505; x_wconf 79' lang='lat' dir='ltr'>domicilium</span> <span class='ocrx_word' id='word_1_64' title='bbox 940 1426 1072 1508; x_wconf 89' lang='lat' dir='ltr'>haheat</span> <span class='ocrx_word' id='word_1_65' title='bbox 1109 1427 1146 1506; x_wconf 92' lang='lat' dir='ltr'>in</span> <span class='ocrx_word' id='word_1_66' title='bbox 1179 1427 1256 1506; x_wconf 94' lang='lat' dir='ltr'>loco</span> <span class='ocrx_word' id='word_1_67' title='bbox 1292 1425 1355 1506; x_wconf 92' lang='lat' dir='ltr'>uhi</span> 
     </span>
     <span class='ocr_line' id='line_1_10' title="bbox 191 1549 1358 1655; baseline 0 -25"><span class='ocrx_word' id='word_1_68' title='bbox 191 1551 384 1630; x_wconf 85' lang='lat' dir='ltr'>Concilium</span> <span class='ocrx_word' id='word_1_69' title='bbox 412 1563 593 1655; x_wconf 89' lang='lat' dir='ltr'>receptum</span> <span class='ocrx_word' id='word_1_70' title='bbox 621 1564 691 1644; x_wconf 88' lang='lat' dir='ltr'>est,</span> <span class='ocrx_word' id='word_1_71' title='bbox 724 1549 878 1654; x_wconf 84' lang='lat' dir='ltr'>Indeque</span> <span class='ocrx_word' id='word_1_72' title='bbox 907 1549 1124 1646; x_wconf 89' lang='lat' dir='ltr'>discesserit,</span> <span class='ocrx_word' id='word_1_73' title='bbox 1148 1565 1189 1630; x_wconf 90' lang='lat' dir='ltr'>ut</span> <span class='ocrx_word' id='word_1_74' title='bbox 1208 1577 1269 1630; x_wconf 88' lang='lat' dir='ltr'>eas</span> <span class='ocrx_word' id='word_1_75' title='bbox 1288 1551 1358 1630; x_wconf 89' lang='lat' dir='ltr'>dil·</span> 
     </span>
     <span class='ocr_line' id='line_1_11' title="bbox 191 1673 1357 1778; baseline 0.001 -26"><span class='ocrx_word' id='word_1_76' title='bbox 191 1673 369 1756; x_wconf 89' lang='lat' dir='ltr'>licultates</span> <span class='ocrx_word' id='word_1_77' title='bbox 387 1673 573 1777; x_wconf 79' lang='lat' dir='ltr'>aufugeret</span> <span class='ocrx_word' id='word_1_78' title='bbox 588 1674 625 1752; x_wconf 95' lang='lat' dir='ltr'>in</span> <span class='ocrx_word' id='word_1_79' title='bbox 644 1699 735 1778; x_wconf 89' lang='lat' dir='ltr'>quas</span> <span class='ocrx_word' id='word_1_80' title='bbox 754 1673 929 1754; x_wconf 81' lang='lat' dir='ltr'>inciderat</span> <span class='ocrx_word' id='word_1_81' title='bbox 949 1674 1005 1752; x_wconf 86' lang='lat' dir='ltr'>vel</span> <span class='ocrx_word' id='word_1_82' title='bbox 1023 1673 1181 1752; x_wconf 87' lang='lat' dir='ltr'>incidere</span> <span class='ocrx_word' id='word_1_83' title='bbox 1196 1699 1234 1752; x_wconf 91' lang='lat' dir='ltr'>sa</span> <span class='ocrx_word' id='word_1_84' title='bbox 1252 1699 1357 1778; x_wconf 85' lang='lat' dir='ltr'>posse</span> 
     </span>
     <span class='ocr_line' id='line_1_12' title="bbox 189 1785 1354 1896; baseline -0.003 -17"><span class='ocrx_word' id='word_1_85' title='bbox 189 1801 350 1896; x_wconf 86' lang='lat' dir='ltr'>rehatur,</span> <span class='ocrx_word' id='word_1_86' title='bbox 381 1801 412 1880; x_wconf 93' lang='lat' dir='ltr'>si</span> <span class='ocrx_word' id='word_1_87' title='bbox 433 1785 709 1880; x_wconf 58' lang='lat' dir='ltr'>&#39;matrimonium</span> <span class='ocrx_word' id='word_1_88' title='bbox 747 1799 879 1880; x_wconf 86' lang='lat' dir='ltr'>ibidem</span> <span class='ocrx_word' id='word_1_89' title='bbox 912 1799 1122 1880; x_wconf 89' lang='lat' dir='ltr'>contrahere</span> <span class='ocrx_word' id='word_1_90' title='bbox 1160 1800 1354 1881; x_wconf 87' lang='lat' dir='ltr'>voluisset:</span> 
     </span>
     <span class='ocr_line' id='line_1_13' title="bbox 189 1922 1355 2029; baseline 0 -25"><span class='ocrx_word' id='word_1_91' title='bbox 189 1950 268 2004; x_wconf 92' lang='lat' dir='ltr'>cum</span> <span class='ocrx_word' id='word_1_92' title='bbox 289 1947 374 2002; x_wconf 85' lang='lat' dir='ltr'>vero</span> <span class='ocrx_word' id='word_1_93' title='bbox 393 1923 585 2029; x_wconf 90' lang='lat' dir='ltr'>opponitur</span> <span class='ocrx_word' id='word_1_94' title='bbox 604 1923 825 2002; x_wconf 76' lang='lat' dir='ltr'>intercedere</span> <span class='ocrx_word' id='word_1_95' title='bbox 844 1922 1020 2018; x_wconf 90' lang='lat' dir='ltr'>lraudem,</span> <span class='ocrx_word' id='word_1_96' title='bbox 1043 1935 1130 2004; x_wconf 90' lang='lat' dir='ltr'>tunc</span> <span class='ocrx_word' id='word_1_97' title='bbox 1148 1923 1355 2028; x_wconf 82' lang='lat' dir='ltr'>respondet,</span> 
     </span>
     <span class='ocr_line' id='line_1_14' title="bbox 188 2045 1354 2152; baseline 0.001 -27"><span class='ocrx_word' id='word_1_98' title='bbox 188 2047 245 2126; x_wconf 85' lang='lat' dir='ltr'>vel</span> <span class='ocrx_word' id='word_1_99' title='bbox 288 2046 421 2126; x_wconf 90' lang='lat' dir='ltr'>nullam</span> <span class='ocrx_word' id='word_1_100' title='bbox 458 2045 575 2126; x_wconf 89' lang='lat' dir='ltr'>inesse</span> <span class='ocrx_word' id='word_1_101' title='bbox 618 2045 779 2126; x_wconf 85' lang='lat' dir='ltr'>fraudem</span> <span class='ocrx_word' id='word_1_102' title='bbox 821 2046 883 2126; x_wconf 93' lang='lat' dir='ltr'>uhi</span> <span class='ocrx_word' id='word_1_103' title='bbox 916 2049 1000 2152; x_wconf 89' lang='lat' dir='ltr'>quis</span> <span class='ocrx_word' id='word_1_104' title='bbox 1026 2047 1102 2126; x_wconf 92' lang='lat' dir='ltr'>iure</span> <span class='ocrx_word' id='word_1_105' title='bbox 1131 2071 1196 2125; x_wconf 90' lang='lat' dir='ltr'>suo</span> <span class='ocrx_word' id='word_1_106' title='bbox 1225 2050 1354 2140; x_wconf 86' lang='lat' dir='ltr'>utitur,</span> 
     </span>
     <span class='ocr_line' id='line_1_15' title="bbox 188 2170 1359 2275; baseline 0.003 -28"><span class='ocrx_word' id='word_1_107' title='bbox 188 2170 356 2274; x_wconf 89' lang='lat' dir='ltr'>quoniam</span> <span class='ocrx_word' id='word_1_108' title='bbox 388 2171 539 2248; x_wconf 80' lang='lat' dir='ltr'>vetitum</span> <span class='ocrx_word' id='word_1_109' title='bbox 571 2195 642 2250; x_wconf 92' lang='lat' dir='ltr'>nou</span> <span class='ocrx_word' id='word_1_110' title='bbox 674 2183 730 2250; x_wconf 91' lang='lat' dir='ltr'>est</span> <span class='ocrx_word' id='word_1_111' title='bbox 762 2196 783 2246; x_wconf 92' lang='lat' dir='ltr'>a</span> <span class='ocrx_word' id='word_1_112' title='bbox 812 2171 887 2250; x_wconf 94' lang='lat' dir='ltr'>loco</span> <span class='ocrx_word' id='word_1_113' title='bbox 915 2173 952 2250; x_wconf 92' lang='lat' dir='ltr'>in</span> <span class='ocrx_word' id='word_1_114' title='bbox 980 2195 1052 2275; x_wconf 89' lang='lat' dir='ltr'>quo</span> <span class='ocrx_word' id='word_1_115' title='bbox 1080 2183 1262 2275; x_wconf 87' lang='lat' dir='ltr'>receptum</span> <span class='ocrx_word' id='word_1_116' title='bbox 1289 2170 1359 2250; x_wconf 91' lang='lat' dir='ltr'>fuit</span> 
     </span>
     <span class='ocr_line' id='line_1_16' title="bbox 190 2293 1357 2408; baseline -0.003 -33"><span class='ocrx_word' id='word_1_117' title='bbox 190 2296 397 2390; x_wconf 85' lang='lat' dir='ltr'>Concilium,</span> <span class='ocrx_word' id='word_1_118' title='bbox 428 2295 580 2408; x_wconf 80' lang='lat' dir='ltr'>transito</span> <span class='ocrx_word' id='word_1_119' title='bbox 609 2293 654 2372; x_wconf 91' lang='lat' dir='ltr'>ad</span> <span class='ocrx_word' id='word_1_120' title='bbox 687 2293 797 2375; x_wconf 90' lang='lat' dir='ltr'>alium</span> <span class='ocrx_word' id='word_1_121' title='bbox 822 2295 885 2373; x_wconf 92' lang='lat' dir='ltr'>ubi</span> <span class='ocrx_word' id='word_1_122' title='bbox 913 2319 985 2374; x_wconf 91' lang='lat' dir='ltr'>uon</span> <span class='ocrx_word' id='word_1_123' title='bbox 1013 2297 1060 2374; x_wconf 89' lang='lat' dir='ltr'>sit</span> <span class='ocrx_word' id='word_1_124' title='bbox 1087 2307 1282 2399; x_wconf 70' lang='lat' dir='ltr'>receptum</span> <span class='ocrx_word' id='word_1_125' title='bbox 1301 2294 1357 2373; x_wconf 89' lang='lat' dir='ltr'>vol</span> 
     </span>
     <span class='ocr_line' id='line_1_17' title="bbox 190 2413 1360 2510; baseline 0 -16"><span class='ocrx_word' id='word_1_126' title='bbox 190 2415 328 2495; x_wconf 86' lang='lat' dir='ltr'>etiamsi</span> <span class='ocrx_word' id='word_1_127' title='bbox 345 2413 442 2493; x_wconf 89' lang='lat' dir='ltr'>lraus</span> <span class='ocrx_word' id='word_1_128' title='bbox 462 2413 705 2492; x_wconf 84' lang='lat' dir='ltr'>intercessisse</span> <span class='ocrx_word' id='word_1_129' title='bbox 720 2413 900 2510; x_wconf 88' lang='lat' dir='ltr'>credatur,</span> <span class='ocrx_word' id='word_1_130' title='bbox 919 2415 1093 2505; x_wconf 86' lang='lat' dir='ltr'>eiusmodi</span> <span class='ocrx_word' id='word_1_131' title='bbox 1107 2413 1269 2494; x_wconf 85' lang='lat' dir='ltr'>fraudem</span> <span class='ocrx_word' id='word_1_132' title='bbox 1289 2413 1360 2494; x_wconf 91' lang='lat' dir='ltr'>illi-</span> 
     </span>
    </p>
   </div>
   <div class='ocr_carea' id='block_1_4' title="bbox 189 2539 1354 2726">
    <p class='ocr_par' dir='ltr' id='par_1_4' title="bbox 189 2539 1354 2726">
     <span class='ocr_line' id='line_1_18' title="bbox 189 2539 1354 2646; baseline 0.002 -28"><span class='ocrx_word' id='word_1_133' title='bbox 189 2541 299 2618; x_wconf 88' lang='lat' dir='ltr'>citum</span> <span class='ocrx_word' id='word_1_134' title='bbox 313 2540 472 2646; x_wconf 91' lang='lat' dir='ltr'>quidem,</span> <span class='ocrx_word' id='word_1_135' title='bbox 496 2563 566 2616; x_wconf 93' lang='lat' dir='ltr'>nou</span> <span class='ocrx_word' id='word_1_136' title='bbox 585 2540 636 2616; x_wconf 93' lang='lat' dir='ltr'>sic</span> <span class='ocrx_word' id='word_1_137' title='bbox 655 2563 739 2618; x_wconf 84' lang='lat' dir='ltr'>vero</span> <span class='ocrx_word' id='word_1_138' title='bbox 758 2539 895 2618; x_wconf 92' lang='lat' dir='ltr'>nullum</span> <span class='ocrx_word' id='word_1_139' title='bbox 914 2541 1178 2620; x_wconf 78' lang='lat' dir='ltr'>matrimonium</span> <span class='ocrx_word' id='word_1_140' title='bbox 1200 2540 1354 2620; x_wconf 88' lang='lat' dir='ltr'>efficere.</span> 
     </span>
     <span class='ocr_line' id='line_1_19' title="bbox 190 2647 477 2726; baseline -0.007 0"><span class='ocrx_word' id='word_1_141' title='bbox 190 2647 370 2726; x_wconf 91' lang='lat' dir='ltr'>Pontius.</span> <span class='ocrx_word' id='word_1_142' title='bbox 398 2707 406 2724; x_wconf 92' lang='lat'><strong>.</strong></span> <span class='ocrx_word' id='word_1_143' title='bbox 434 2706 441 2724; x_wconf 93' lang='lat'>.</span> <span class='ocrx_word' id='word_1_144' title='bbox 469 2707 477 2724; x_wconf 92' lang='lat'><strong>.</strong></span> 
     </span>
    </p>
   </div>
   <div class='ocr_carea' id='block_1_5' title="bbox 189 2769 1363 4489">
    <p class='ocr_par' dir='ltr' id='par_1_5' title="bbox 191 2769 1358 2998">
     <span class='ocr_line' id='line_1_20' title="bbox 269 2769 1358 2877; baseline 0 -27"><span class='ocrx_word' id='word_1_145' title='bbox 269 2775 320 2850; x_wconf 91' lang='lat' dir='ltr'>Ne</span> <span class='ocrx_word' id='word_1_146' title='bbox 358 2795 442 2850; x_wconf 90' lang='lat' dir='ltr'>vero</span> <span class='ocrx_word' id='word_1_147' title='bbox 465 2829 474 2848; x_wconf 89' lang='lat'><strong>.</strong></span> <span class='ocrx_word' id='word_1_148' title='bbox 500 2831 509 2848; x_wconf 91' lang='lat'><strong>.</strong></span> <span class='ocrx_word' id='word_1_149' title='bbox 536 2831 544 2848; x_wconf 93' lang='lat'><strong>.</strong></span> <span class='ocrx_word' id='word_1_150' title='bbox 571 2831 580 2848; x_wconf 92' lang='lat'><strong>.</strong></span> <span class='ocrx_word' id='word_1_151' title='bbox 612 2770 735 2877; x_wconf 71' lang='lat' dir='ltr'>(offert</span> <span class='ocrx_word' id='word_1_152' title='bbox 754 2777 834 2850; x_wconf 84' lang='lat' dir='ltr'>DI).</span> <span class='ocrx_word' id='word_1_153' title='bbox 872 2769 934 2876; x_wconf 81' lang='lat' dir='ltr'>qui</span> <span class='ocrx_word' id='word_1_154' title='bbox 965 2771 1186 2850; x_wconf 83' lang='lat' dir='ltr'>contrariom</span> <span class='ocrx_word' id='word_1_155' title='bbox 1213 2781 1358 2852; x_wconf 83' lang='lat' dir='ltr'>tueatur</span> 
     </span>
     <span class='ocr_line' id='line_1_21' title="bbox 191 2895 433 2998; baseline -0.004 -26"><span class='ocrx_word' id='word_1_156' title='bbox 191 2895 433 2998; x_wconf 84' lang='lat' dir='ltr'>sententiam).</span> 
     </span>
    </p>

    <p class='ocr_par' dir='ltr' id='par_1_6' title="bbox 189 3017 1363 4489">
     <span class='ocr_line' id='line_1_22' title="bbox 272 3017 1362 3123; baseline -0.002 -23"><span class='ocrx_word' id='word_1_157' title='bbox 272 3020 424 3100; x_wconf 90' lang='lat' dir='ltr'>Sedente</span> <span class='ocrx_word' id='word_1_158' title='bbox 461 3017 487 3097; x_wconf 86' lang='lat' dir='ltr'>i.</span> <span class='ocrx_word' id='word_1_159' title='bbox 528 3045 560 3096; x_wconf 91' lang='lat' dir='ltr'>r.</span> <span class='ocrx_word' id='word_1_160' title='bbox 602 3019 747 3100; x_wconf 91' lang='lat' dir='ltr'>Urbano</span> <span class='ocrx_word' id='word_1_161' title='bbox 783 3023 868 3098; x_wconf 88' lang='lat' dir='ltr'>VIII</span> <span class='ocrx_word' id='word_1_162' title='bbox 906 3023 945 3098; x_wconf 90' lang='lat' dir='ltr'>P.</span> <span class='ocrx_word' id='word_1_163' title='bbox 977 3023 1052 3114; x_wconf 79' lang='lat' dir='ltr'>m,</span> <span class='ocrx_word' id='word_1_164' title='bbox 1088 3019 1254 3123; x_wconf 78' lang='lat' dir='ltr'>archiep.</span> <span class='ocrx_word' id='word_1_165' title='bbox 1296 3024 1362 3098; x_wconf 93' lang='lat' dir='ltr'>Co-</span> 
     </span>
     <span class='ocr_line' id='line_1_23' title="bbox 189 3141 1356 3246; baseline 0.001 -25"><span class='ocrx_word' id='word_1_166' title='bbox 189 3143 362 3222; x_wconf 91' lang='lat' dir='ltr'>loniensis</span> <span class='ocrx_word' id='word_1_167' title='bbox 390 3143 532 3222; x_wconf 86' lang='lat' dir='ltr'>Elector</span> <span class='ocrx_word' id='word_1_168' title='bbox 560 3143 630 3222; x_wconf 89' lang='lat' dir='ltr'>tria</span> <span class='ocrx_word' id='word_1_169' title='bbox 650 3144 738 3222; x_wconf 90' lang='lat' dir='ltr'>haec</span> <span class='ocrx_word' id='word_1_170' title='bbox 757 3141 867 3222; x_wconf 91' lang='lat' dir='ltr'>dubia</span> <span class='ocrx_word' id='word_1_171' title='bbox 886 3143 1072 3246; x_wconf 90' lang='lat' dir='ltr'>proposuit</span> <span class='ocrx_word' id='word_1_172' title='bbox 1090 3165 1207 3220; x_wconf 88' lang='lat' dir='ltr'>coram</span> <span class='ocrx_word' id='word_1_173' title='bbox 1227 3146 1356 3246; x_wconf 82' lang='lat' dir='ltr'>Congr.</span> 
     </span>
     <span class='ocr_line' id='line_1_24' title="bbox 190 3267 1355 3355; baseline 0 -9"><span class='ocrx_word' id='word_1_174' title='bbox 190 3267 358 3346; x_wconf 90' lang='lat' dir='ltr'>Coucilii:</span> <span class='ocrx_word' id='word_1_175' title='bbox 389 3270 580 3355; x_wconf 79' lang='lat' dir='ltr'>Quaeritur</span> <span class='ocrx_word' id='word_1_176' title='bbox 619 3267 801 3346; x_wconf 91' lang='lat' dir='ltr'>humiliter</span> <span class='ocrx_word' id='word_1_177' title='bbox 838 3294 858 3346; x_wconf 90' lang='lat' dir='ltr'>a</span> <span class='ocrx_word' id='word_1_178' title='bbox 896 3271 932 3346; x_wconf 89' lang='lat' dir='ltr'>S.</span> <span class='ocrx_word' id='word_1_179' title='bbox 956 3272 994 3346; x_wconf 92' lang='lat' dir='ltr'>C.</span> <span class='ocrx_word' id='word_1_180' title='bbox 1026 3291 1071 3344; x_wconf 92' lang='lat' dir='ltr'>an</span> <span class='ocrx_word' id='word_1_181' title='bbox 1109 3267 1244 3346; x_wconf 92' lang='lat' dir='ltr'>incolae</span> <span class='ocrx_word' id='word_1_182' title='bbox 1281 3281 1355 3348; x_wconf 89' lang='lat' dir='ltr'>tam</span> 
     </span>
     <span class='ocr_line' id='line_1_25' title="bbox 190 3387 1357 3495; baseline 0.002 -27"><span class='ocrx_word' id='word_1_183' title='bbox 190 3390 338 3469; x_wconf 91' lang='lat' dir='ltr'>masculi</span> <span class='ocrx_word' id='word_1_184' title='bbox 353 3415 461 3494; x_wconf 90' lang='lat' dir='ltr'>quam</span> <span class='ocrx_word' id='word_1_185' title='bbox 475 3389 627 3470; x_wconf 82' lang='lat' dir='ltr'>feminae</span> <span class='ocrx_word' id='word_1_186' title='bbox 642 3391 709 3470; x_wconf 93' lang='lat' dir='ltr'>loci</span> <span class='ocrx_word' id='word_1_187' title='bbox 725 3392 762 3468; x_wconf 93' lang='lat' dir='ltr'>iu</span> <span class='ocrx_word' id='word_1_188' title='bbox 778 3416 849 3495; x_wconf 89' lang='lat' dir='ltr'>quo</span> <span class='ocrx_word' id='word_1_189' title='bbox 864 3390 1057 3470; x_wconf 93' lang='lat' dir='ltr'>Concilium</span> <span class='ocrx_word' id='word_1_190' title='bbox 1074 3387 1309 3468; x_wconf 91' lang='lat' dir='ltr'>tridentinum</span> <span class='ocrx_word' id='word_1_191' title='bbox 1320 3390 1357 3470; x_wconf 94' lang='lat' dir='ltr'>in</span> 
     </span>
     <span class='ocr_line' id='line_1_26' title="bbox 189 3515 1358 3621; baseline -0.001 -27"><span class='ocrx_word' id='word_1_192' title='bbox 189 3529 322 3620; x_wconf 89' lang='lat' dir='ltr'>puncto</span> <span class='ocrx_word' id='word_1_193' title='bbox 341 3515 555 3594; x_wconf 87' lang='lat' dir='ltr'>matrimonii</span> <span class='ocrx_word' id='word_1_194' title='bbox 575 3530 630 3595; x_wconf 89' lang='lat' dir='ltr'>est</span> <span class='ocrx_word' id='word_1_195' title='bbox 648 3516 910 3621; x_wconf 85' lang='lat' dir='ltr'>promulgatum</span> <span class='ocrx_word' id='word_1_196' title='bbox 925 3528 962 3594; x_wconf 90' lang='lat' dir='ltr'>et</span> <span class='ocrx_word' id='word_1_197' title='bbox 976 3526 1213 3620; x_wconf 91' lang='lat' dir='ltr'>acceptatum,</span> <span class='ocrx_word' id='word_1_198' title='bbox 1236 3527 1358 3593; x_wconf 91' lang='lat' dir='ltr'>trans-</span> 
     </span>
     <span class='ocr_line' id='line_1_27' title="bbox 190 3637 1362 3742; baseline 0 -26"><span class='ocrx_word' id='word_1_199' title='bbox 190 3651 317 3716; x_wconf 91' lang='lat' dir='ltr'>euntes</span> <span class='ocrx_word' id='word_1_200' title='bbox 345 3662 409 3741; x_wconf 91' lang='lat' dir='ltr'>per</span> <span class='ocrx_word' id='word_1_201' title='bbox 436 3637 552 3716; x_wconf 91' lang='lat' dir='ltr'>locum</span> <span class='ocrx_word' id='word_1_202' title='bbox 578 3639 705 3742; x_wconf 91' lang='lat' dir='ltr'>inquo</span> <span class='ocrx_word' id='word_1_203' title='bbox 724 3638 858 3718; x_wconf 89' lang='lat' dir='ltr'>dictum</span> <span class='ocrx_word' id='word_1_204' title='bbox 892 3637 1084 3718; x_wconf 91' lang='lat' dir='ltr'>Concilium</span> <span class='ocrx_word' id='word_1_205' title='bbox 1105 3661 1176 3715; x_wconf 90' lang='lat' dir='ltr'>nou</span> <span class='ocrx_word' id='word_1_206' title='bbox 1205 3649 1259 3716; x_wconf 89' lang='lat' dir='ltr'>est</span> <span class='ocrx_word' id='word_1_207' title='bbox 1279 3662 1362 3742; x_wconf 94' lang='lat' dir='ltr'>pro-</span> 
     </span>
     <span class='ocr_line' id='line_1_28' title="bbox 189 3761 1362 3866; baseline -0.001 -25"><span class='ocrx_word' id='word_1_208' title='bbox 189 3763 401 3866; x_wconf 82' lang='lat' dir='ltr'>mulgatum,</span> <span class='ocrx_word' id='word_1_209' title='bbox 432 3763 628 3842; x_wconf 89' lang='lat' dir='ltr'>retinentes</span> <span class='ocrx_word' id='word_1_210' title='bbox 656 3762 750 3842; x_wconf 93' lang='lat' dir='ltr'>idem</span> <span class='ocrx_word' id='word_1_211' title='bbox 778 3764 1008 3858; x_wconf 92' lang='lat' dir='ltr'>domicilium,</span> <span class='ocrx_word' id='word_1_212' title='bbox 1031 3761 1148 3840; x_wconf 90' lang='lat' dir='ltr'>valide</span> <span class='ocrx_word' id='word_1_213' title='bbox 1167 3761 1306 3866; x_wconf 88' lang='lat' dir='ltr'>possint</span> <span class='ocrx_word' id='word_1_214' title='bbox 1321 3762 1362 3842; x_wconf 93' lang='lat' dir='ltr'>in</span> 
     </span>
     <span class='ocr_line' id='line_1_29' title="bbox 190 3887 1361 3995; baseline -0.002 -29"><span class='ocrx_word' id='word_1_215' title='bbox 190 3890 260 3968; x_wconf 90' lang='lat' dir='ltr'>isto</span> <span class='ocrx_word' id='word_1_216' title='bbox 289 3887 363 3967; x_wconf 93' lang='lat' dir='ltr'>loco</span> <span class='ocrx_word' id='word_1_217' title='bbox 390 3887 656 3966; x_wconf 87' lang='lat' dir='ltr'>matrimonium</span> <span class='ocrx_word' id='word_1_218' title='bbox 684 3890 759 3968; x_wconf 89' lang='lat' dir='ltr'>siue</span> <span class='ocrx_word' id='word_1_219' title='bbox 788 3891 942 3995; x_wconf 84' lang='lat' dir='ltr'>parocho</span> <span class='ocrx_word' id='word_1_220' title='bbox 971 3903 1007 3970; x_wconf 86' lang='lat' dir='ltr'>et</span> <span class='ocrx_word' id='word_1_221' title='bbox 1034 3887 1190 3968; x_wconf 89' lang='lat' dir='ltr'>testibus</span> <span class='ocrx_word' id='word_1_222' title='bbox 1218 3900 1361 3966; x_wconf 76' lang='lat' dir='ltr'>contra-</span> 
     </span>
     <span class='ocr_line' id='line_1_30' title="bbox 190 4011 1363 4120; baseline -0.002 -28"><span class='ocrx_word' id='word_1_223' title='bbox 190 4014 291 4093; x_wconf 91' lang='lat' dir='ltr'>here.</span> <span class='ocrx_word' id='word_1_224' title='bbox 314 4057 338 4072; x_wconf 90' lang='lat'>·</span> <span class='ocrx_word' id='word_1_225' title='bbox 358 4011 539 4090; x_wconf 92' lang='lat' dir='ltr'>Secundo:</span> <span class='ocrx_word' id='word_1_226' title='bbox 571 4012 662 4102; x_wconf 85' lang='lat' dir='ltr'>Ouid</span> <span class='ocrx_word' id='word_1_227' title='bbox 692 4015 722 4092; x_wconf 91' lang='lat' dir='ltr'>si</span> <span class='ocrx_word' id='word_1_228' title='bbox 750 4040 791 4094; x_wconf 93' lang='lat' dir='ltr'>eo</span> <span class='ocrx_word' id='word_1_229' title='bbox 819 4015 991 4120; x_wconf 89' lang='lat' dir='ltr'>praedicti</span> <span class='ocrx_word' id='word_1_230' title='bbox 1022 4012 1158 4093; x_wconf 88' lang='lat' dir='ltr'>incolae</span> <span class='ocrx_word' id='word_1_231' title='bbox 1187 4025 1259 4091; x_wconf 74' lang='lat' dir='ltr'>mm</span> <span class='ocrx_word' id='word_1_232' title='bbox 1287 4037 1363 4090; x_wconf 92' lang='lat' dir='ltr'>ma-</span> 
     </span>
     <span class='ocr_line' id='line_1_31' title="bbox 191 4133 1359 4243; baseline -0.003 -28"><span class='ocrx_word' id='word_1_233' title='bbox 191 4137 280 4216; x_wconf 89' lang='lat' dir='ltr'>sculi</span> <span class='ocrx_word' id='word_1_234' title='bbox 309 4162 416 4241; x_wconf 89' lang='lat' dir='ltr'>quam</span> <span class='ocrx_word' id='word_1_235' title='bbox 446 4135 612 4230; x_wconf 84' lang='lat' dir='ltr'>laminae,</span> <span class='ocrx_word' id='word_1_236' title='bbox 644 4137 719 4214; x_wconf 93' lang='lat' dir='ltr'>solo</span> <span class='ocrx_word' id='word_1_237' title='bbox 734 4139 851 4216; x_wconf 89' lang='lat' dir='ltr'>animo</span> <span class='ocrx_word' id='word_1_238' title='bbox 869 4137 946 4217; x_wconf 88' lang='lat' dir='ltr'>sine</span> <span class='ocrx_word' id='word_1_239' title='bbox 965 4135 1122 4243; x_wconf 90' lang='lat' dir='ltr'>parocho</span> <span class='ocrx_word' id='word_1_240' title='bbox 1149 4147 1186 4214; x_wconf 93' lang='lat' dir='ltr'>et</span> <span class='ocrx_word' id='word_1_241' title='bbox 1205 4133 1359 4215; x_wconf 85' lang='lat' dir='ltr'>testibus</span> 
     </span>
     <span class='ocr_line' id='line_1_32' title="bbox 190 4257 1358 4354; baseline -0.002 -16"><span class='ocrx_word' id='word_1_242' title='bbox 190 4257 440 4353; x_wconf 87' lang='lat' dir='ltr'>contrahendi,</span> <span class='ocrx_word' id='word_1_243' title='bbox 458 4283 496 4336; x_wconf 91' lang='lat' dir='ltr'>se</span> <span class='ocrx_word' id='word_1_244' title='bbox 511 4257 745 4354; x_wconf 87' lang='lat' dir='ltr'>transierant,</span> <span class='ocrx_word' id='word_1_245' title='bbox 769 4260 1025 4342; x_wconf 85' lang='lat' dir='ltr'>habitationem</span> <span class='ocrx_word' id='word_1_246' title='bbox 1040 4286 1112 4339; x_wconf 89' lang='lat' dir='ltr'>nou</span> <span class='ocrx_word' id='word_1_247' title='bbox 1127 4270 1321 4338; x_wconf 89' lang='lat' dir='ltr'>mutantes.</span> <span class='ocrx_word' id='word_1_248' title='bbox 1335 4302 1358 4316; x_wconf 95' lang='lat'>-</span> 
     </span>
     <span class='ocr_line' id='line_1_33' title="bbox 191 4381 1361 4489; baseline -0.003 -25"><span class='ocrx_word' id='word_1_249' title='bbox 191 4387 329 4466; x_wconf 80' lang='lat' dir='ltr'>Tertio:</span> <span class='ocrx_word' id='word_1_250' title='bbox 361 4381 453 4472; x_wconf 81' lang='lat' dir='ltr'>Ouid</span> <span class='ocrx_word' id='word_1_251' title='bbox 481 4382 511 4460; x_wconf 90' lang='lat' dir='ltr'>si</span> <span class='ocrx_word' id='word_1_252' title='bbox 541 4381 649 4460; x_wconf 91' lang='lat' dir='ltr'>iidem</span> <span class='ocrx_word' id='word_1_253' title='bbox 677 4381 814 4464; x_wconf 92' lang='lat' dir='ltr'>incolae</span> <span class='ocrx_word' id='word_1_254' title='bbox 842 4397 915 4464; x_wconf 89' lang='lat' dir='ltr'>tam</span> <span class='ocrx_word' id='word_1_255' title='bbox 947 4384 1095 4463; x_wconf 91' lang='lat' dir='ltr'>masculi</span> <span class='ocrx_word' id='word_1_256' title='bbox 1122 4409 1231 4489; x_wconf 89' lang='lat' dir='ltr'>quam</span> <span class='ocrx_word' id='word_1_257' title='bbox 1260 4381 1361 4462; x_wconf 90' lang='lat' dir='ltr'>lomi·</span> 
     </span>
    </p>
   </div>
   <div class='ocr_carea' id='block_1_6' title="bbox 0 0 1729 5298">
    <p class='ocr_par' dir='ltr' id='par_1_7' title="bbox 0 0 1729 5298">
     <span class='ocr_line' id='line_1_34' title="bbox 0 0 1729 5298; baseline 0 0"><span class='ocrx_word' id='word_1_258' title='bbox 0 0 1729 5298; x_wconf 95' lang='lat' dir='ltr'> </span> 
     </span>
    </p>
   </div>
  </div>
 </body>
</html>
