<?xml version="1.0" encoding="UTF-8"?>
<!DOCTYPE html PUBLIC "-//W3C//DTD XHTML 1.0 Transitional//EN"
    "http://www.w3.org/TR/xhtml1/DTD/xhtml1-transitional.dtd">
<html xmlns="http://www.w3.org/1999/xhtml" xml:lang="en" lang="en">
 <head>
  <title>
</title>
<meta http-equiv="Content-Type" content="text/html;charset=utf-8" />
  <meta name='ocr-system' content='tesseract 3.04.00' />
  <meta name='ocr-capabilities' content='ocr_page ocr_carea ocr_par ocr_line ocrx_word'/>
</head>
<body>
  <div class='ocr_page' id='page_1' title='image "./deimpedimentism00mansgoog_0453.png"; bbox 0 0 3446 5298; ppageno 0'>
   <div class='ocr_carea' id='block_1_1' title="bbox 903 525 1076 586">
    <p class='ocr_par' dir='ltr' id='par_1_1' title="bbox 903 525 1076 586">
     <span class='ocr_line' id='line_1_1' title="bbox 903 525 1076 586; baseline 0 0"><span class='ocrx_word' id='word_1_1' title='bbox 903 525 1076 586; x_wconf 75' lang='lat' dir='ltr'>-ttl-</span> 
     </span>
    </p>
   </div>
   <div class='ocr_carea' id='block_1_2' title="bbox 398 644 1578 4559">
    <p class='ocr_par' dir='ltr' id='par_1_2' title="bbox 398 644 1578 4559">
     <span class='ocr_line' id='line_1_2' title="bbox 573 644 1477 736; baseline 0.002 -24"><span class='ocrx_word' id='word_1_2' title='bbox 573 644 662 725; x_wconf 85' lang='lat' dir='ltr'>Quid</span> <span class='ocrx_word' id='word_1_3' title='bbox 687 644 846 733; x_wconf 62' lang='lat' dir='ltr'>synodus</span> <span class='ocrx_word' id='word_1_4' title='bbox 878 647 1132 718; x_wconf 72' lang='lat' dir='ltr'>Maronitarum</span> <span class='ocrx_word' id='word_1_5' title='bbox 1163 648 1205 717; x_wconf 94' lang='lat' dir='ltr'>de</span> <span class='ocrx_word' id='word_1_6' title='bbox 1237 649 1302 715; x_wconf 85' lang='lat' dir='ltr'>lroe</span> <span class='ocrx_word' id='word_1_7' title='bbox 1334 645 1477 736; x_wconf 87' lang='lat' dir='ltr'>impedi-</span> 
     </span>
     <span class='ocr_line' id='line_1_3' title="bbox 530 757 1563 841; baseline 0 -23"><span class='ocrx_word' id='word_1_8' title='bbox 530 757 653 821; x_wconf 91' lang='lat' dir='ltr'>mento</span> <span class='ocrx_word' id='word_1_9' title='bbox 677 757 817 820; x_wconf 88' lang='lat' dir='ltr'>statuat</span> <span class='ocrx_word' id='word_1_10' title='bbox 869 803 1348 820; x_wconf 92' lang='grc'><strong>.........</strong></span> <span class='ocrx_word' id='word_1_11' title='bbox 1387 771 1472 841; x_wconf 83' lang='lat' dir='ltr'>pop.</span> <span class='ocrx_word' id='word_1_12' title='bbox 1522 757 1563 820; x_wconf 75' lang='lat' dir='ltr'>st</span> 
     </span>
     <span class='ocr_line' id='line_1_4' title="bbox 398 856 1479 946; baseline 0 -22"><span class='ocrx_word' id='word_1_13' title='bbox 398 857 477 924; x_wconf 77' lang='lat' dir='ltr'>dar.</span> <span class='ocrx_word' id='word_1_14' title='bbox 504 857 544 922; x_wconf 89' lang='lat' dir='ltr'>ll.</span> <span class='ocrx_word' id='word_1_15' title='bbox 573 861 619 924; x_wconf 84' lang='lat' dir='ltr'>lte</span> <span class='ocrx_word' id='word_1_16' title='bbox 644 856 898 946; x_wconf 85' lang='lat' dir='ltr'>impedimento</span> <span class='ocrx_word' id='word_1_17' title='bbox 929 858 1197 927; x_wconf 80' lang='lat' dir='ltr'>matrimonium</span> <span class='ocrx_word' id='word_1_18' title='bbox 1220 857 1411 926; x_wconf 79' lang='lat' dir='ltr'>dirimente</span> <span class='ocrx_word' id='word_1_19' title='bbox 1435 877 1479 924; x_wconf 83' lang='lat' dir='ltr'>ex</span> 
     </span>
     <span class='ocr_line' id='line_1_5' title="bbox 531 963 1567 1054; baseline -0.002 -22"><span class='ocrx_word' id='word_1_20' title='bbox 531 964 687 1052; x_wconf 85' lang='lat' dir='ltr'>corperis</span> <span class='ocrx_word' id='word_1_21' title='bbox 708 963 896 1032; x_wconf 86' lang='lat' dir='ltr'>debilitate</span> <span class='ocrx_word' id='word_1_22' title='bbox 919 983 983 1032; x_wconf 88' lang='lat' dir='ltr'>seu</span> <span class='ocrx_word' id='word_1_23' title='bbox 1003 983 1046 1032; x_wconf 82' lang='lat' dir='ltr'>ex</span> <span class='ocrx_word' id='word_1_24' title='bbox 1068 965 1280 1054; x_wconf 80' lang='lat' dir='ltr'>impotentia</span> <span class='ocrx_word' id='word_1_25' title='bbox 1343 1017 1351 1032; x_wconf 88' lang='lat'><strong>.</strong></span> <span class='ocrx_word' id='word_1_26' title='bbox 1402 1017 1410 1030; x_wconf 93' lang='lat'><strong><em>.</em></strong></span> <span class='ocrx_word' id='word_1_27' title='bbox 1460 993 1475 1026; x_wconf 76' lang='lat' dir='ltr'>n</span> <span class='ocrx_word' id='word_1_28' title='bbox 1526 969 1567 1030; x_wconf 79' lang='lat'>25</span> 
     </span>
     <span class='ocr_line' id='line_1_6' title="bbox 574 1071 1480 1161; baseline 0.003 -22"><span class='ocrx_word' id='word_1_29' title='bbox 574 1071 696 1152; x_wconf 80' lang='lat' dir='ltr'>Qualis</span> <span class='ocrx_word' id='word_1_30' title='bbox 720 1071 943 1158; x_wconf 82' lang='lat' dir='ltr'>impotentia,</span> <span class='ocrx_word' id='word_1_31' title='bbox 968 1077 1007 1140; x_wconf 88' lang='lat' dir='ltr'>et</span> <span class='ocrx_word' id='word_1_32' title='bbox 1027 1092 1097 1161; x_wconf 83' lang='lat' dir='ltr'>quo</span> <span class='ocrx_word' id='word_1_33' title='bbox 1117 1078 1196 1140; x_wconf 80' lang='lat' dir='ltr'>turc</span> <span class='ocrx_word' id='word_1_34' title='bbox 1212 1072 1480 1142; x_wconf 88' lang='lat' dir='ltr'>matrimonium</span> 
     </span>
     <span class='ocr_line' id='line_1_7' title="bbox 531 1176 1567 1264; baseline 0 -20"><span class='ocrx_word' id='word_1_35' title='bbox 531 1177 687 1260; x_wconf 80' lang='lat' dir='ltr'>dirimat,</span> <span class='ocrx_word' id='word_1_36' title='bbox 715 1181 752 1244; x_wconf 93' lang='lat' dir='ltr'>et</span> <span class='ocrx_word' id='word_1_37' title='bbox 776 1176 891 1264; x_wconf 89' lang='lat' dir='ltr'>qualis</span> <span class='ocrx_word' id='word_1_38' title='bbox 915 1197 986 1244; x_wconf 95' lang='lat' dir='ltr'>non</span> <span class='ocrx_word' id='word_1_39' title='bbox 1048 1229 1408 1245; x_wconf 93' lang='grc'><strong>.......</strong></span> <span class='ocrx_word' id='word_1_40' title='bbox 1460 1206 1476 1240; x_wconf 76' lang='lat' dir='ltr'>n</span> <span class='ocrx_word' id='word_1_41' title='bbox 1526 1183 1567 1244; x_wconf 73' lang='grc'>36</span> 
     </span>
     <span class='ocr_line' id='line_1_8' title="bbox 576 1282 1567 1373; baseline -0.002 -21"><span class='ocrx_word' id='word_1_42' title='bbox 576 1283 665 1364; x_wconf 84' lang='lat' dir='ltr'>Quid</span> <span class='ocrx_word' id='word_1_43' title='bbox 689 1282 862 1370; x_wconf 91' lang='lat' dir='ltr'>agendum</span> <span class='ocrx_word' id='word_1_44' title='bbox 886 1303 993 1372; x_wconf 83' lang='lat' dir='ltr'>quum</span> <span class='ocrx_word' id='word_1_45' title='bbox 1017 1285 1129 1354; x_wconf 84' lang='lat' dir='ltr'>dubio</span> <span class='ocrx_word' id='word_1_46' title='bbox 1145 1290 1201 1354; x_wconf 90' lang='lat' dir='ltr'>est</span> <span class='ocrx_word' id='word_1_47' title='bbox 1218 1285 1431 1373; x_wconf 86' lang='lat' dir='ltr'>impotentia</span> <span class='ocrx_word' id='word_1_48' title='bbox 1460 1311 1490 1348; x_wconf 69' lang='lat' dir='ltr'>a.</span> <span class='ocrx_word' id='word_1_49' title='bbox 1525 1288 1567 1350; x_wconf 71' lang='grc'>33</span> 
     </span>
     <span class='ocr_line' id='line_1_9' title="bbox 576 1387 1482 1480; baseline 0.002 -24"><span class='ocrx_word' id='word_1_50' title='bbox 576 1387 665 1469; x_wconf 82' lang='lat' dir='ltr'>Quid</span> <span class='ocrx_word' id='word_1_51' title='bbox 685 1389 717 1462; x_wconf 75' lang='lat' dir='ltr'>‚si</span> <span class='ocrx_word' id='word_1_52' title='bbox 743 1388 971 1458; x_wconf 88' lang='lat' dir='ltr'>matrimonio</span> <span class='ocrx_word' id='word_1_53' title='bbox 996 1389 1124 1474; x_wconf 87' lang='lat' dir='ltr'>soluto,</span> <span class='ocrx_word' id='word_1_54' title='bbox 1156 1392 1286 1460; x_wconf 84' lang='lat' dir='ltr'>coniux</span> <span class='ocrx_word' id='word_1_55' title='bbox 1316 1391 1376 1480; x_wconf 89' lang='lat' dir='ltr'>qui</span> <span class='ocrx_word' id='word_1_56' title='bbox 1408 1409 1482 1458; x_wconf 86' lang='lat' dir='ltr'>cre-</span> 
     </span>
     <span class='ocr_line' id='line_1_10' title="bbox 531 1494 1482 1584; baseline 0.004 -22"><span class='ocrx_word' id='word_1_57' title='bbox 531 1494 682 1562; x_wconf 88' lang='lat' dir='ltr'>debatur</span> <span class='ocrx_word' id='word_1_58' title='bbox 716 1502 885 1580; x_wconf 82' lang='lat' dir='ltr'>perpetuo</span> <span class='ocrx_word' id='word_1_59' title='bbox 912 1494 1111 1584; x_wconf 74' lang='lat' dir='ltr'>impotens,</span> <span class='ocrx_word' id='word_1_60' title='bbox 1137 1495 1179 1564; x_wconf 91' lang='lat' dir='ltr'>ad</span> <span class='ocrx_word' id='word_1_61' title='bbox 1203 1497 1482 1566; x_wconf 87' lang='lat' dir='ltr'>matrimonialia</span> 
     </span>
     <span class='ocr_line' id='line_1_11' title="bbox 533 1599 1567 1671; baseline 0.003 -3"><span class='ocrx_word' id='word_1_62' title='bbox 533 1601 645 1668; x_wconf 85' lang='lat' dir='ltr'>ollrcia</span> <span class='ocrx_word' id='word_1_63' title='bbox 670 1600 837 1668; x_wconf 88' lang='lat' dir='ltr'>reddatur</span> <span class='ocrx_word' id='word_1_64' title='bbox 862 1599 1008 1670; x_wconf 91' lang='lat' dir='ltr'>idoneus</span> <span class='ocrx_word' id='word_1_65' title='bbox 1049 1651 1410 1670; x_wconf 92' lang='grc'><strong>.......</strong></span> <span class='ocrx_word' id='word_1_66' title='bbox 1462 1633 1478 1666; x_wconf 74' lang='lat' dir='ltr'>n</span> <span class='ocrx_word' id='word_1_67' title='bbox 1528 1609 1567 1671; x_wconf 76' lang='lat' dir='ltr'>tt</span> 
     </span>
     <span class='ocr_line' id='line_1_12' title="bbox 400 1707 1483 1796; baseline 0.004 -20"><span class='ocrx_word' id='word_1_68' title='bbox 400 1708 493 1776; x_wconf 79' lang='lat' dir='ltr'>GdP.</span> <span class='ocrx_word' id='word_1_69' title='bbox 518 1712 574 1774; x_wconf 91' lang='lat' dir='ltr'>lll.</span> <span class='ocrx_word' id='word_1_70' title='bbox 602 1711 649 1776; x_wconf 81' lang='lat' dir='ltr'>lle</span> <span class='ocrx_word' id='word_1_71' title='bbox 675 1707 1483 1796; x_wconf 89' lang='lat' dir='ltr'>impedimentismatrimoniumdirimentibus</span> 
     </span>
     <span class='ocr_line' id='line_1_13' title="bbox 538 1814 1568 1906; baseline 0.001 -24"><span class='ocrx_word' id='word_1_72' title='bbox 538 1835 582 1882; x_wconf 84' lang='lat' dir='ltr'>ex</span> <span class='ocrx_word' id='word_1_73' title='bbox 606 1814 808 1906; x_wconf 73' lang='lat' dir='ltr'>reuerentia</span> <span class='ocrx_word' id='word_1_74' title='bbox 834 1816 929 1882; x_wconf 88' lang='lat' dir='ltr'>inter</span> <span class='ocrx_word' id='word_1_75' title='bbox 951 1815 1355 1906; x_wconf 76' lang='lat' dir='ltr'>propinqrrussersanda</span> <span class='ocrx_word' id='word_1_76' title='bbox 1403 1869 1410 1882; x_wconf 94' lang='lat'><em>.</em></span> <span class='ocrx_word' id='word_1_77' title='bbox 1462 1845 1477 1880; x_wconf 79' lang='lat' dir='ltr'>n</span> <span class='ocrx_word' id='word_1_78' title='bbox 1528 1823 1568 1884; x_wconf 77' lang='lat'>32</span> 
     </span>
     <span class='ocr_line' id='line_1_14' title="bbox 403 1919 1505 2008; baseline 0.002 -20"><span class='ocrx_word' id='word_1_79' title='bbox 403 1922 482 1988; x_wconf 81' lang='lat' dir='ltr'>dur.</span> <span class='ocrx_word' id='word_1_80' title='bbox 508 1923 533 1988; x_wconf 90' lang='lat'>1.</span> <span class='ocrx_word' id='word_1_81' title='bbox 561 1923 609 1987; x_wconf 87' lang='lat' dir='ltr'>Do</span> <span class='ocrx_word' id='word_1_82' title='bbox 634 1919 886 2008; x_wconf 89' lang='lat' dir='ltr'>impedimento</span> <span class='ocrx_word' id='word_1_83' title='bbox 913 1921 1134 2008; x_wconf 79' lang='lat' dir='ltr'>cognationis</span> <span class='ocrx_word' id='word_1_84' title='bbox 1166 1923 1352 2006; x_wconf 89' lang='lat' dir='ltr'>naturalis,</span> <span class='ocrx_word' id='word_1_85' title='bbox 1382 1921 1505 2006; x_wconf 74' lang='lat' dir='ltr'>spiri·</span> 
     </span>
     <span class='ocr_line' id='line_1_15' title="bbox 536 2025 1569 2112; baseline 0.002 -19"><span class='ocrx_word' id='word_1_86' title='bbox 536 2026 655 2108; x_wconf 80' lang='lat' dir='ltr'>tualiS,</span> <span class='ocrx_word' id='word_1_87' title='bbox 674 2025 794 2112; x_wconf 88' lang='lat' dir='ltr'>legalis</span> <span class='ocrx_word' id='word_1_88' title='bbox 818 2059 1478 2096; x_wconf 82' lang='lat'>............</span> <span class='ocrx_word' id='word_1_89' title='bbox 1522 2029 1569 2096; x_wconf 90' lang='lat' dir='ltr'>ib.</span> 
     </span>
     <span class='ocr_line' id='line_1_16' title="bbox 495 2133 1483 2224; baseline 0.003 -22"><span class='ocrx_word' id='word_1_90' title='bbox 495 2133 533 2222; x_wconf 89' lang='lat' dir='ltr'>o)</span> <span class='ocrx_word' id='word_1_91' title='bbox 559 2137 605 2200; x_wconf 82' lang='lat' dir='ltr'>[te</span> <span class='ocrx_word' id='word_1_92' title='bbox 629 2133 849 2220; x_wconf 80' lang='lat' dir='ltr'>cognationis</span> <span class='ocrx_word' id='word_1_93' title='bbox 874 2135 1047 2203; x_wconf 89' lang='lat' dir='ltr'>naturalis</span> <span class='ocrx_word' id='word_1_94' title='bbox 1071 2155 1132 2203; x_wconf 89' lang='lat' dir='ltr'>seu</span> <span class='ocrx_word' id='word_1_95' title='bbox 1161 2135 1483 2224; x_wconf 78' lang='lat' dir='ltr'>consanguinitatis</span> 
     </span>
     <span class='ocr_line' id='line_1_17' title="bbox 539 2239 1566 2329; baseline 0.002 -23"><span class='ocrx_word' id='word_1_96' title='bbox 539 2239 791 2329; x_wconf 88' lang='lat' dir='ltr'>impedimento</span> <span class='ocrx_word' id='word_1_97' title='bbox 813 2291 1411 2310; x_wconf 92' lang='grc'><strong>...........</strong></span> <span class='ocrx_word' id='word_1_98' title='bbox 1463 2271 1478 2306; x_wconf 78' lang='lat' dir='ltr'>n</span> <span class='ocrx_word' id='word_1_99' title='bbox 1522 2241 1566 2309; x_wconf 93' lang='lat' dir='ltr'>ib.</span> 
     </span>
     <span class='ocr_line' id='line_1_18' title="bbox 581 2345 1571 2434; baseline 0.001 -21"><span class='ocrx_word' id='word_1_100' title='bbox 581 2345 706 2434; x_wconf 83' lang='lat' dir='ltr'>Stipes,</span> <span class='ocrx_word' id='word_1_101' title='bbox 733 2345 870 2432; x_wconf 67' lang='lat' dir='ltr'>gradus</span> <span class='ocrx_word' id='word_1_102' title='bbox 897 2345 990 2413; x_wconf 88' lang='lat' dir='ltr'>linea</span> <span class='ocrx_word' id='word_1_103' title='bbox 1053 2395 1414 2414; x_wconf 90' lang='grc'>.......</span> <span class='ocrx_word' id='word_1_104' title='bbox 1465 2375 1481 2410; x_wconf 74' lang='lat' dir='ltr'><em>n</em></span> <span class='ocrx_word' id='word_1_105' title='bbox 1531 2354 1571 2414; x_wconf 85' lang='lat'>33</span> 
     </span>
     <span class='ocr_line' id='line_1_19' title="bbox 582 2449 1484 2540; baseline 0.002 -24"><span class='ocrx_word' id='word_1_106' title='bbox 582 2450 731 2538; x_wconf 84' lang='lat' dir='ltr'>Regulae</span> <span class='ocrx_word' id='word_1_107' title='bbox 749 2449 792 2516; x_wconf 93' lang='lat' dir='ltr'>ad</span> <span class='ocrx_word' id='word_1_108' title='bbox 809 2451 1063 2539; x_wconf 89' lang='lat' dir='ltr'>computandos</span> <span class='ocrx_word' id='word_1_109' title='bbox 1080 2457 1117 2518; x_wconf 89' lang='lat' dir='ltr'>et</span> <span class='ocrx_word' id='word_1_110' title='bbox 1134 2452 1391 2540; x_wconf 87' lang='lat' dir='ltr'>cognoscendos</span> <span class='ocrx_word' id='word_1_111' title='bbox 1403 2472 1484 2520; x_wconf 90' lang='lat' dir='ltr'>con·</span> 
     </span>
     <span class='ocr_line' id='line_1_20' title="bbox 537 2555 1570 2644; baseline 0.001 -19"><span class='ocrx_word' id='word_1_112' title='bbox 537 2555 789 2644; x_wconf 88' lang='lat' dir='ltr'>sanguinitatis</span> <span class='ocrx_word' id='word_1_113' title='bbox 821 2557 946 2644; x_wconf 90' lang='lat' dir='ltr'>gradus</span> <span class='ocrx_word' id='word_1_114' title='bbox 1005 2608 1410 2626; x_wconf 92' lang='grc'><strong>.......</strong></span> <span class='ocrx_word' id='word_1_115' title='bbox 1462 2589 1478 2622; x_wconf 77' lang='lat' dir='ltr'>n</span> <span class='ocrx_word' id='word_1_116' title='bbox 1529 2565 1570 2626; x_wconf 83' lang='lat' dir='ltr'>:tt</span> 
     </span>
     <span class='ocr_line' id='line_1_21' title="bbox 581 2663 1484 2754; baseline 0.004 -22"><span class='ocrx_word' id='word_1_117' title='bbox 581 2670 761 2745; x_wconf 79' lang='lat' dir='ltr'>Quaenam</span> <span class='ocrx_word' id='word_1_118' title='bbox 792 2663 918 2752; x_wconf 88' lang='lat' dir='ltr'>gradus</span> <span class='ocrx_word' id='word_1_119' title='bbox 950 2665 1178 2754; x_wconf 90' lang='lat' dir='ltr'>computandi</span> <span class='ocrx_word' id='word_1_120' title='bbox 1210 2667 1302 2735; x_wconf 91' lang='lat' dir='ltr'>ratio</span> <span class='ocrx_word' id='word_1_121' title='bbox 1333 2687 1399 2736; x_wconf 89' lang='lat' dir='ltr'>usu</span> <span class='ocrx_word' id='word_1_122' title='bbox 1432 2668 1484 2736; x_wconf 83' lang='lat' dir='ltr'>vi-</span> 
     </span>
     <span class='ocr_line' id='line_1_22' title="bbox 537 2769 1572 2857; baseline 0 -18"><span class='ocrx_word' id='word_1_123' title='bbox 537 2774 616 2857; x_wconf 89' lang='lat' dir='ltr'>geat</span> <span class='ocrx_word' id='word_1_124' title='bbox 641 2769 677 2836; x_wconf 91' lang='lat' dir='ltr'>in</span> <span class='ocrx_word' id='word_1_125' title='bbox 705 2771 861 2837; x_wconf 79' lang='lat' dir='ltr'>Ecclesia</span> <span class='ocrx_word' id='word_1_126' title='bbox 889 2771 1070 2838; x_wconf 78' lang='lat' dir='ltr'>(trientali</span> <span class='ocrx_word' id='word_1_127' title='bbox 1112 2823 1413 2840; x_wconf 90' lang='grc'>......</span> <span class='ocrx_word' id='word_1_128' title='bbox 1463 2799 1480 2832; x_wconf 79' lang='lat' dir='ltr'>n</span> <span class='ocrx_word' id='word_1_129' title='bbox 1531 2777 1572 2839; x_wconf 81' lang='lat'>35</span> 
     </span>
     <span class='ocr_line' id='line_1_23' title="bbox 580 2874 1485 2965; baseline 0.004 -23"><span class='ocrx_word' id='word_1_130' title='bbox 580 2874 630 2942; x_wconf 80' lang='lat' dir='ltr'>dd</span> <span class='ocrx_word' id='word_1_131' title='bbox 654 2895 758 2962; x_wconf 93' lang='lat' dir='ltr'>quem</span> <span class='ocrx_word' id='word_1_132' title='bbox 787 2895 897 2962; x_wconf 92' lang='lat' dir='ltr'>usque</span> <span class='ocrx_word' id='word_1_133' title='bbox 921 2875 1066 2964; x_wconf 87' lang='lat' dir='ltr'>gradum</span> <span class='ocrx_word' id='word_1_134' title='bbox 1090 2877 1380 2965; x_wconf 86' lang='lat' dir='ltr'>consanguinitas</span> <span class='ocrx_word' id='word_1_135' title='bbox 1402 2877 1485 2946; x_wconf 91' lang='lat' dir='ltr'>diri·</span> 
     </span>
     <span class='ocr_line' id='line_1_24' title="bbox 538 2983 1573 3051; baseline 0.002 -1"><span class='ocrx_word' id='word_1_136' title='bbox 538 2987 613 3050; x_wconf 91' lang='lat' dir='ltr'>mat</span> <span class='ocrx_word' id='word_1_137' title='bbox 637 2983 905 3050; x_wconf 89' lang='lat' dir='ltr'>matrimonium</span> <span class='ocrx_word' id='word_1_138' title='bbox 936 3033 1412 3051; x_wconf 90' lang='grc'>.........</span> <span class='ocrx_word' id='word_1_139' title='bbox 1465 3012 1481 3046; x_wconf 79' lang='lat' dir='ltr'>n</span> <span class='ocrx_word' id='word_1_140' title='bbox 1532 2989 1573 3051; x_wconf 79' lang='lat' dir='ltr'>:to</span> 
     </span>
     <span class='ocr_line' id='line_1_25' title="bbox 585 3086 1486 3178; baseline 0.004 -25"><span class='ocrx_word' id='word_1_141' title='bbox 585 3087 632 3155; x_wconf 80' lang='lat' dir='ltr'>dd</span> <span class='ocrx_word' id='word_1_142' title='bbox 655 3107 844 3176; x_wconf 88' lang='lat' dir='ltr'>quemnam</span> <span class='ocrx_word' id='word_1_143' title='bbox 868 3086 1011 3174; x_wconf 84' lang='lat' dir='ltr'>gradum</span> <span class='ocrx_word' id='word_1_144' title='bbox 1035 3087 1252 3156; x_wconf 85' lang='lat' dir='ltr'>extendatur</span> <span class='ocrx_word' id='word_1_145' title='bbox 1281 3089 1348 3157; x_wconf 87' lang='lat' dir='ltr'>troc</span> <span class='ocrx_word' id='word_1_146' title='bbox 1379 3087 1486 3178; x_wconf 93' lang='lat' dir='ltr'>impe·</span> 
     </span>
     <span class='ocr_line' id='line_1_26' title="bbox 538 3193 1575 3263; baseline 0.002 -3"><span class='ocrx_word' id='word_1_147' title='bbox 538 3194 737 3262; x_wconf 91' lang='lat' dir='ltr'>dimentum</span> <span class='ocrx_word' id='word_1_148' title='bbox 763 3193 798 3260; x_wconf 96' lang='lat' dir='ltr'>in</span> <span class='ocrx_word' id='word_1_149' title='bbox 820 3194 979 3260; x_wconf 77' lang='lat' dir='ltr'>Ecclesia</span> <span class='ocrx_word' id='word_1_150' title='bbox 1003 3195 1184 3263; x_wconf 82' lang='lat' dir='ltr'>Orientali</span> <span class='ocrx_word' id='word_1_151' title='bbox 1233 3247 1239 3260; x_wconf 92' lang='lat'><strong>.</strong></span> <span class='ocrx_word' id='word_1_152' title='bbox 1291 3246 1297 3258; x_wconf 94' lang='lat'>.</span> <span class='ocrx_word' id='word_1_153' title='bbox 1349 3247 1356 3261; x_wconf 94' lang='lat'>.</span> <span class='ocrx_word' id='word_1_154' title='bbox 1409 3247 1416 3261; x_wconf 94' lang='lat'><strong>.</strong></span> <span class='ocrx_word' id='word_1_155' title='bbox 1467 3225 1482 3258; x_wconf 72' lang='lat' dir='ltr'>n</span> <span class='ocrx_word' id='word_1_156' title='bbox 1533 3199 1575 3262; x_wconf 84' lang='grc'>38</span> 
     </span>
     <span class='ocr_line' id='line_1_27' title="bbox 585 3297 1575 3380; baseline 0 -12"><span class='ocrx_word' id='word_1_157' title='bbox 585 3304 660 3380; x_wconf 84' lang='lat' dir='ltr'>Quo</span> <span class='ocrx_word' id='word_1_158' title='bbox 684 3303 765 3367; x_wconf 84' lang='lat' dir='ltr'>iure</span> <span class='ocrx_word' id='word_1_159' title='bbox 789 3298 933 3366; x_wconf 90' lang='lat' dir='ltr'>dirimat</span> <span class='ocrx_word' id='word_1_160' title='bbox 950 3297 1240 3368; x_wconf 92' lang='lat' dir='ltr'>matrimonium.</span> <span class='ocrx_word' id='word_1_161' title='bbox 1292 3353 1299 3366; x_wconf 92' lang='lat'><strong>.</strong></span> <span class='ocrx_word' id='word_1_162' title='bbox 1350 3352 1357 3365; x_wconf 94' lang='lat'>.</span> <span class='ocrx_word' id='word_1_163' title='bbox 1408 3352 1415 3366; x_wconf 87' lang='lat'>.</span> <span class='ocrx_word' id='word_1_164' title='bbox 1467 3329 1482 3362; x_wconf 75' lang='lat' dir='ltr'>n</span> <span class='ocrx_word' id='word_1_165' title='bbox 1533 3305 1575 3368; x_wconf 85' lang='grc'>39</span> 
     </span>
     <span class='ocr_line' id='line_1_28' title="bbox 496 3403 1573 3495; baseline 0 -21"><span class='ocrx_word' id='word_1_166' title='bbox 496 3405 529 3494; x_wconf 85' lang='lat' dir='ltr'>d)</span> <span class='ocrx_word' id='word_1_167' title='bbox 553 3408 602 3473; x_wconf 88' lang='lat' dir='ltr'>Dc.</span> <span class='ocrx_word' id='word_1_168' title='bbox 626 3405 823 3494; x_wconf 85' lang='lat' dir='ltr'>spiritualis</span> <span class='ocrx_word' id='word_1_169' title='bbox 846 3403 1066 3492; x_wconf 88' lang='lat' dir='ltr'>cognationis</span> <span class='ocrx_word' id='word_1_170' title='bbox 1090 3405 1354 3495; x_wconf 86' lang='lat' dir='ltr'>impedimento.</span> <span class='ocrx_word' id='word_1_171' title='bbox 1406 3458 1412 3472; x_wconf 94' lang='lat'>.</span> <span class='ocrx_word' id='word_1_172' title='bbox 1465 3435 1480 3470; x_wconf 75' lang='lat' dir='ltr'>n</span> <span class='ocrx_word' id='word_1_173' title='bbox 1533 3413 1573 3474; x_wconf 84' lang='lat' dir='ltr'>tl</span> 
     </span>
     <span class='ocr_line' id='line_1_29' title="bbox 567 3510 1486 3600; baseline 0.002 -21"><span class='ocrx_word' id='word_1_174' title='bbox 567 3515 658 3591; x_wconf 83' lang='lat' dir='ltr'>·Quo</span> <span class='ocrx_word' id='word_1_175' title='bbox 675 3515 768 3592; x_wconf 83' lang='lat' dir='ltr'>iure,</span> <span class='ocrx_word' id='word_1_176' title='bbox 797 3510 891 3579; x_wconf 87' lang='lat' dir='ltr'>inter</span> <span class='ocrx_word' id='word_1_177' title='bbox 914 3529 1001 3599; x_wconf 85' lang='lat' dir='ltr'>quos</span> <span class='ocrx_word' id='word_1_178' title='bbox 1024 3516 1062 3579; x_wconf 91' lang='lat' dir='ltr'>et</span> <span class='ocrx_word' id='word_1_179' title='bbox 1079 3511 1207 3600; x_wconf 89' lang='lat' dir='ltr'>quibus</span> <span class='ocrx_word' id='word_1_180' title='bbox 1223 3511 1486 3581; x_wconf 89' lang='lat' dir='ltr'>conditionibus</span> 
     </span>
     <span class='ocr_line' id='line_1_30' title="bbox 539 3615 1573 3705; baseline -0.002 -19"><span class='ocrx_word' id='word_1_181' title='bbox 539 3617 701 3705; x_wconf 87' lang='lat' dir='ltr'>cognatio</span> <span class='ocrx_word' id='word_1_182' title='bbox 726 3615 921 3704; x_wconf 87' lang='lat' dir='ltr'>spiritualis</span> <span class='ocrx_word' id='word_1_183' title='bbox 945 3615 1089 3684; x_wconf 85' lang='lat' dir='ltr'>dirimat</span> <span class='ocrx_word' id='word_1_184' title='bbox 1113 3617 1380 3686; x_wconf 89' lang='lat' dir='ltr'>matrimonium</span> <span class='ocrx_word' id='word_1_185' title='bbox 1406 3669 1413 3683; x_wconf 94' lang='lat'>.</span> <span class='ocrx_word' id='word_1_186' title='bbox 1465 3647 1481 3680; x_wconf 75' lang='lat' dir='ltr'>n</span> <span class='ocrx_word' id='word_1_187' title='bbox 1532 3623 1573 3684; x_wconf 70' lang='lat' dir='ltr'>tt</span> 
     </span>
     <span class='ocr_line' id='line_1_31' title="bbox 568 3721 1487 3810; baseline 0.001 -22"><span class='ocrx_word' id='word_1_188' title='bbox 568 3723 637 3790; x_wconf 70' lang='lat' dir='ltr'>⁸rln</span> <span class='ocrx_word' id='word_1_189' title='bbox 667 3727 704 3788; x_wconf 89' lang='lat' dir='ltr'>et</span> <span class='ocrx_word' id='word_1_190' title='bbox 735 3721 888 3810; x_wconf 88' lang='lat' dir='ltr'>qualiter</span> <span class='ocrx_word' id='word_1_191' title='bbox 926 3723 992 3790; x_wconf 89' lang='lat' dir='ltr'>hoc</span> <span class='ocrx_word' id='word_1_192' title='bbox 1031 3722 1323 3808; x_wconf 84' lang='lat' dir='ltr'>impedimentum</span> <span class='ocrx_word' id='word_1_193' title='bbox 1364 3727 1487 3793; x_wconf 86' lang='lat' dir='ltr'>teneat</span> 
     </span>
     <span class='ocr_line' id='line_1_32' title="bbox 544 3829 1574 3898; baseline 0 -2"><span class='ocrx_word' id='word_1_194' title='bbox 544 3829 743 3898; x_wconf 79' lang='lat' dir='ltr'>orientalis</span> <span class='ocrx_word' id='word_1_195' title='bbox 761 3829 919 3896; x_wconf 81' lang='lat' dir='ltr'>Ecclesia</span> <span class='ocrx_word' id='word_1_196' title='bbox 939 3881 1416 3897; x_wconf 89' lang='grc'><strong>.........</strong></span> <span class='ocrx_word' id='word_1_197' title='bbox 1467 3859 1482 3893; x_wconf 74' lang='lat' dir='ltr'>n</span> <span class='ocrx_word' id='word_1_198' title='bbox 1534 3833 1574 3896; x_wconf 81' lang='lat' dir='ltr'>lt</span> 
     </span>
     <span class='ocr_line' id='line_1_33' title="bbox 497 3933 1576 4025; baseline 0.002 -23"><span class='ocrx_word' id='word_1_199' title='bbox 497 3937 527 4024; x_wconf 79' lang='lat' dir='ltr'>c)</span> <span class='ocrx_word' id='word_1_200' title='bbox 553 3935 746 4022; x_wconf 85' lang='lat' dir='ltr'>Delegalis</span> <span class='ocrx_word' id='word_1_201' title='bbox 770 3935 990 4024; x_wconf 88' lang='lat' dir='ltr'>cognationis</span> <span class='ocrx_word' id='word_1_202' title='bbox 1014 3933 1301 4025; x_wconf 91' lang='lat' dir='ltr'>impedimento.</span> <span class='ocrx_word' id='word_1_203' title='bbox 1351 3989 1358 4005; x_wconf 89' lang='lat'><strong>.</strong></span> <span class='ocrx_word' id='word_1_204' title='bbox 1410 3990 1418 4004; x_wconf 92' lang='lat'><strong>.</strong></span> <span class='ocrx_word' id='word_1_205' title='bbox 1469 3966 1484 4000; x_wconf 71' lang='lat' dir='ltr'>n</span> <span class='ocrx_word' id='word_1_206' title='bbox 1535 3943 1576 4004; x_wconf 78' lang='lat' dir='ltr'>to</span> 
     </span>
     <span class='ocr_line' id='line_1_34' title="bbox 585 4041 1487 4136; baseline 0.002 -25"><span class='ocrx_word' id='word_1_207' title='bbox 585 4047 638 4111; x_wconf 80' lang='lat' dir='ltr'>Ex</span> <span class='ocrx_word' id='word_1_208' title='bbox 668 4063 821 4132; x_wconf 92' lang='lat' dir='ltr'>quanam</span> <span class='ocrx_word' id='word_1_209' title='bbox 852 4041 1040 4131; x_wconf 91' lang='lat' dir='ltr'>adoptione</span> <span class='ocrx_word' id='word_1_210' title='bbox 1075 4045 1140 4114; x_wconf 89' lang='lat' dir='ltr'>hoe</span> <span class='ocrx_word' id='word_1_211' title='bbox 1174 4048 1312 4115; x_wconf 88' lang='lat' dir='ltr'>on&#39;atur</span> <span class='ocrx_word' id='word_1_212' title='bbox 1344 4045 1487 4136; x_wconf 91' lang='lat' dir='ltr'>impedi-</span> 
     </span>
     <span class='ocr_line' id='line_1_35' title="bbox 541 4155 1576 4220; baseline 0.002 -3"><span class='ocrx_word' id='word_1_213' title='bbox 541 4155 702 4220; x_wconf 89' lang='lat' dir='ltr'>mentum</span> <span class='ocrx_word' id='word_1_214' title='bbox 761 4199 1416 4219; x_wconf 91' lang='grc'><strong>............</strong></span> <span class='ocrx_word' id='word_1_215' title='bbox 1469 4180 1485 4214; x_wconf 73' lang='lat' dir='ltr'>n</span> <span class='ocrx_word' id='word_1_216' title='bbox 1535 4156 1576 4217; x_wconf 76' lang='lat' dir='ltr'>uo</span> 
     </span>
     <span class='ocr_line' id='line_1_36' title="bbox 564 4253 1489 4347; baseline 0.001 -24"><span class='ocrx_word' id='word_1_217' title='bbox 564 4259 660 4336; x_wconf 83' lang='lat' dir='ltr'>·an</span> <span class='ocrx_word' id='word_1_218' title='bbox 684 4260 782 4338; x_wconf 83' lang='lat' dir='ltr'>iure,</span> <span class='ocrx_word' id='word_1_219' title='bbox 814 4259 852 4323; x_wconf 91' lang='lat' dir='ltr'>et</span> <span class='ocrx_word' id='word_1_220' title='bbox 886 4253 981 4320; x_wconf 88' lang='lat' dir='ltr'>inter</span> <span class='ocrx_word' id='word_1_221' title='bbox 1011 4273 1098 4342; x_wconf 87' lang='lat' dir='ltr'>quas</span> <span class='ocrx_word' id='word_1_222' title='bbox 1126 4277 1295 4345; x_wconf 88' lang='lat' dir='ltr'>personas</span> <span class='ocrx_word' id='word_1_223' title='bbox 1325 4257 1489 4347; x_wconf 89' lang='lat' dir='ltr'>cognatio</span> 
     </span>
     <span class='ocr_line' id='line_1_37' title="bbox 542 4359 1578 4450; baseline 0.001 -22"><span class='ocrx_word' id='word_1_224' title='bbox 542 4360 663 4450; x_wconf 89' lang='lat' dir='ltr'>legalis</span> <span class='ocrx_word' id='word_1_225' title='bbox 685 4360 830 4429; x_wconf 89' lang='lat' dir='ltr'>dirimat</span> <span class='ocrx_word' id='word_1_226' title='bbox 854 4359 1121 4430; x_wconf 89' lang='lat' dir='ltr'>matrimonium</span> <span class='ocrx_word' id='word_1_227' title='bbox 1178 4415 1420 4430; x_wconf 93' lang='grc'><strong>.....</strong></span> <span class='ocrx_word' id='word_1_228' title='bbox 1470 4392 1485 4426; x_wconf 74' lang='lat' dir='ltr'>n</span> <span class='ocrx_word' id='word_1_229' title='bbox 1537 4367 1578 4429; x_wconf 79' lang='lat' dir='ltr'>tr</span> 
     </span>
     <span class='ocr_line' id='line_1_38' title="bbox 566 4467 1489 4559; baseline 0.004 -25"><span class='ocrx_word' id='word_1_230' title='bbox 566 4468 638 4534; x_wconf 53' lang='lat' dir='ltr'>*An</span> <span class='ocrx_word' id='word_1_231' title='bbox 662 4471 699 4534; x_wconf 93' lang='lat' dir='ltr'>et</span> <span class='ocrx_word' id='word_1_232' title='bbox 726 4485 794 4556; x_wconf 91' lang='lat' dir='ltr'>qua</span> <span class='ocrx_word' id='word_1_233' title='bbox 817 4485 1048 4555; x_wconf 87' lang='lat' dir='ltr'>personarum</span> <span class='ocrx_word' id='word_1_234' title='bbox 1079 4467 1319 4559; x_wconf 85' lang='lat' dir='ltr'>graduumque</span> <span class='ocrx_word' id='word_1_235' title='bbox 1349 4467 1489 4538; x_wconf 87' lang='lat' dir='ltr'>ratione</span> 
     </span>
    </p>
   </div>
   <div class='ocr_carea' id='block_1_3' title="bbox 0 0 1742 5298">
    <p class='ocr_par' dir='ltr' id='par_1_3' title="bbox 0 0 1742 5298">
     <span class='ocr_line' id='line_1_39' title="bbox 0 0 1742 5298; baseline 0 0"><span class='ocrx_word' id='word_1_236' title='bbox 0 0 1742 5298; x_wconf 95' lang='lat' dir='ltr'> </span> 
     </span>
    </p>
   </div>
  </div>
 </body>
</html>
