3456 5300
845 494 882 510 ..
903 465 942 528 48
963 498 1000 511 .-

343 595 401 663 tae
429 611 601 690 personae
628 601 804 692 potestate
834 587 906 693 (l).
931 633 954 648 -
974 589 1148 668 Perdnrat
1176 588 1242 667 hoe
1270 587 1502 692 impedimen-

345 724 421 787 tum
448 735 600 816 semper,
631 725 667 790 et
694 711 857 816 quamvis
893 712 1037 818 adoptio
1063 737 1127 817 per
1155 711 1315 816 adoptati
1349 714 1504 790 amanei-

344 833 523 936 pationem
552 833 723 914 solvatur.
1011 921 1013 926 ,

426 972 463 1042 2⁰
491 963 596 1041 Velut
624 965 661 1041 in
688 963 781 1042 linea
820 975 1026 1043 transverso
1053 977 1089 1043 et
1125 964 1228 1068 quasi
1261 961 1506 1068 fraternitatis

346 1085 497 1180 ratione,
529 1089 623 1165 inter
651 1086 859 1192 adoptatum
888 1098 923 1167 et
956 1087 1046 1165 lilios
1074 1087 1257 1165 naturales
1284 1085 1502 1191 adoptantis,

346 1223 382 1287 et
409 1233 481 1287 non
508 1209 602 1288 inter
621 1209 709 1289 alias
724 1235 907 1316 personas.
922 1255 946 1269 -
961 1214 1168 1288 Perseverat
1191 1209 1257 1288 hoo
1275 1208 1508 1314 impedimen-

345 1347 421 1412 tum
448 1333 619 1439 quamdiu
648 1335 829 1414 naturales
856 1333 1061 1438 adoptantis
1089 1329 1152 1412 filii
1172 1345 1209 1411 et
1227 1332 1395 1438 adoptata
1425 1356 1506 1436 per-

344 1483 431 1536 sona
458 1458 527 1536 sub
555 1456 759 1562 adoptantis
787 1469 961 1562 potestate
991 1469 1206 1548 versantur,
1243 1455 1402 1561 adeoque
1440 1455 1507 1534 hau

343 1581 459 1685 patria
488 1593 664 1684 potestate
692 1581 807 1660 soluta
823 1581 897 1660 sive
917 1592 1028 1660 morte
1048 1580 1266 1684 adoptantis
1288 1577 1363 1658 sive
1383 1604 1506 1658 eman-

343 1705 519 1811 aipatione
534 1705 597 1785 lilii
617 1705 792 1784 naturalis
807 1706 862 1783 vel
877 1703 1048 1810 adoptivi,
1065 1717 1182 1782 oessat
1195 1703 1499 1808 impedimentum.

424 1837 461 1908 3⁰
487 1835 553 1908 Per
581 1829 723 1918 modum
750 1827 933 1934 affinitatis
961 1827 1055 1906 inter
1082 1828 1311 1932 adoptantem
1335 1843 1377 1908 ut
1405 1853 1504 1907 sooe-

345 1979 422 2032 rum
450 1967 486 2033 et
522 1977 667 2032 uxorem
705 1951 864 2057 adoptati
892 1966 933 2031 ut
966 1977 1110 2045 nurum,
1148 1975 1189 2028 aa
1217 1950 1369 2028 vicissim
1408 1951 1501 2028 inter

345 2077 549 2184 adoptantis
577 2103 722 2157 uxorem
752 2091 922 2181 tanquam
941 2101 1127 2155 novercam
1142 2088 1177 2154 et
1197 2075 1405 2180 adoptatum
1425 2088 1506 2152 tan·

345 2227 452 2306 quam
479 2201 695 2306 privignum.
728 2204 801 2277 Heu
828 2200 936 2278 etiarn
975 2199 1264 2304 impedimentum
1293 2211 1505 2303 perpetuum

345 2339 400 2404 est
428 2339 468 2403 ut
496 2327 647 2430 primum
676 2325 691 2428 (
718 2323 748 2429 )

427 2457 490 2527 27.
522 2449 586 2526 His
623 2446 787 2527 omnibus
820 2447 891 2525 lere
929 2449 1064 2550 gemina
1101 2445 1506 2526 habot'lllaroaitaram

347 2571 507 2678 synodus
535 2571 729 2651 libanensis
757 2571 830 2677 (3).
850 2575 965 2649 -Non
994 2571 1067 2649 sola
1096 2585 1215 2650 autern
1234 2569 1503 2661 Maronitarum,

345 2698 407 2778 sed
435 2701 603 2777 universa
634 2697 825 2776 orientalia
846 2696 1002 2776 Ecclesia
1020 2697 1241 2799 oognationis
1256 2695 1380 2799 legalis
1409 2707 1508 2772 tenet

345 2821 649 2928 impedimentum,
681 2822 843 2927 quamvis
872 2821 1011 2900 diversa
1048 2843 1278 2926 personarum
1313 2817 1507 2921 graduum-

345 2973 415 3053 que
449 2949 600 3027 ratione.
636 2950 686 3026 De
718 2973 759 3027 eo
796 2971 948 3051 namque
985 2945 1074 3024 haee
1105 2944 1229 3023 sorihit
1265 2941 1437 3022 Blastaris
1469 2941 1506 3018 in

346 3077 599 3179 syntagmate:
633 3073 752 3152 ‹Non
779 3083 897 3176 potest
925 3082 1039 3175 pater,
1070 3069 1133 3174 qui
1161 3068 1273 3147 filium
1302 3065 1500 3170 adoptavit,

347 3195 411 3274 filii
439 3193 596 3300 adoptivi
623 3193 732 3272 filiam
762 3193 816 3272 vel
849 3206 1000 3299 neptem.
1024 3193 1045 3271 d
1115 3217 1173 3288 re;
1205 3215 1270 3270 neo
1297 3188 1393 3267 lilius
1421 3187 1507 3266 ado-

348 3317 470 3424 ptivus
498 3317 702 3424 adoptantis
729 3319 841 3421 patris
867 3341 1013 3396 uxorem
1028 3218 1245 3395 riferonem
1272 3313 1329 3391 vel
1349 3337 1502 3390 sororem

348 3449 472 3525 matris
500 3444 556 3523 vel
584 3457 724 3550 neptem
744 3469 786 3521 en
808 3441 922 3520 lilio»
954 3443 969 3544 (
997 3443 1026 3546 ).

421 3711 455 3782 (ll
476 3710 547 3767 Vide
567 3709 669 3765 Saneh.
690 3709 736 3764 eit.
757 3709 832 3780 disp.
854 3713 897 3765 0¹5.
920 3723 949 3764 a.
971 3713 1014 3762 at.

419 3798 458 3873 (tl
477 3799 524 3857 Cir
544 3813 594 3870 pro
620 3797 664 3854 his
677 3797 811 3854 omnious
830 3797 877 3852 ait.
897 3799 968 3862 An„
988 3811 1020 3853 aa
1040 3795 1204 3866 praesertim
1220 3790 1393 3862 sehmalzgr.
1408 3787 1458 3846 tra.
1474 3793 1501 3842 t.

349 3891 395 3946 tit.
418 3894 460 3944 42.
476 3919 494 3928 —
510 3891 628 3945 Leuren.
650 3887 745 3942 eodem
766 3885 817 3942 tto.
837 3892 863 3942 et
881 3886 929 3942 ttt.
949 3889 1061 3956 quaest.
1081 3888 1142 3939 2t8.

416 3974 454 4048 (3)
474 3975 579 4047 synod.
601 3974 729 4030 llaronit.
750 3988 796 4035 au.
818 3971 887 4029 1736
908 3972 959 4029 leo.
978 3973 1027 4028 ott.

416 4063 454 4136 (ll
474 4061 688 4136 Pupp-sziltgyi
708 4061 759 4118 loe.
779 4060 829 4119 cit.
848 4060 877 4132 S.
899 4066 958 4116 tls.
