3424 5300
903 505 1081 572 -lddah

313 686 319 700 ·
406 637 622 720 turbationis
662 638 845 718 occasione
883 665 943 718 an.
991 646 1090 718 1793
1131 631 1299 744 scripsit:
1345 633 1564 726 «Quoniam

404 762 603 870 complures
629 787 673 842 er
692 762 781 842 istis
817 761 984 843 fidelibus
1011 787 1084 876 pon
1111 765 1262 868 possunt
1293 759 1437 839 omnino
1465 783 1568 865 paro-

404 889 510 969 clrum
537 888 734 992 legitimum
762 887 913 984 habere,
946 888 1072 967 horum
1101 885 1258 991 prolecto
1292 881 1455 987 coniugia
1484 909 1569 964 con-

404 1026 519 1093 tracta
547 1037 664 1092 coram
693 1010 847 1090 testibus
874 1025 910 1090 et
937 1012 1014 1092 sine
1032 999 1177 1118 parochi
1193 1009 1410 1116 praesentia,
1431 1009 1463 1086 ti
1478 1005 1567 1086 nihil

405 1135 502 1216 aliud
532 1134 663 1230 obstet,
694 1146 730 1213 et
766 1135 885 1214 valida
912 1150 949 1215 et
974 1134 1072 1214 licita
1109 1146 1231 1230 erunt,
1263 1147 1303 1212 ut
1332 1127 1475 1238 saepius
1507 1128 1570 1208 de·

406 1261 578 1341 claretum
606 1260 675 1340 luit
702 1288 723 1340 a
752 1265 788 1340 S.
821 1265 859 1340 C.
890 1261 1035 1340 Consilii
1054 1261 1214 1340 Trident.
1238 1264 1431 1364 Interpret.
1453 1257 1564 1362 t(l).

406 1387 621 1488 -Suprema
650 1397 770 1463 autern
798 1385 835 1462 S.
867 1386 898 1460 1.
921 1385 959 1460 C.
982 1407 1097 1488 nuper
1125 1380 1334 1476 declaravit,
1365 1368 1569 1460 lacellatem

405 1507 609 1588 celebrandi
638 1507 754 1588 valide
783 1534 824 1588 ac
851 1509 946 1588 licite
975 1488 1239 1587 matrimonium
1257 1534 1337 1586 cum
1357 1504 1497 1586 dncbttt
1515 1517 1570 1584 te·

406 1631 523 1712 stibus
550 1631 628 1712 sine
656 1633 860 1737 praesentia
888 1631 1033 1738 parochi
1063 1645 1148 1712 tunc
1172 1632 1312 1728 ddesse,
1344 1621 1570 1738 quandoper

406 1757 564 1864 spatiato
590 1759 718 1839 mensis
747 1771 848 1838 tutus
877 1782 949 1836 non
978 1757 1025 1836 sit
1052 1755 1099 1836 ad
1126 1757 1279 1838 eutltlem
1309 1777 1473 1837 accessus
1492 1754 1566 1862 (2).

929 2080 969 2176 s.
1001 2029 1038 2156 a.

638 2329 689 2400 De
715 2321 918 2401 assistentia
943 2321 1092 2428 parochi
1117 2348 1160 2402 ac
1188 2325 1342 2404 talliam.

490 2596 552 2668 19.
584 2584 842 2692 inquirendum
869 2585 1043 2664 breviter:
1078 2597 1113 2666 1ο
1135 2582 1257 2678 Ouallt
1275 2588 1452 2696 parochus
1479 2589 1572 2665 ttsi-

408 2725 502 2794 stere
540 2709 687 2807 debeat3
710 2753 734 2769 -
755 2717 795 2790 2⁰
823 2713 915 2798 Quot
942 2721 978 2786 et
1014 2710 1139 2817 quales
1177 2710 1288 2791 testes
1323 2711 1448 2792 adesse
1480 2718 1571 2816 opus

407 2837 472 2935 sit3
494 2881 519 2898 -
539 2845 576 2916 3⁰
604 2833 783 2925 Quomodo
810 2833 987 2940 parochus
1016 2859 1057 2913 ac
1084 2847 1195 2914 testes
1209 2835 1459 2916 matrimoniali
1487 2841 1572 2913 ton-

407 2961 539 3042 tractui
567 2965 740 3039 interesse
769 2957 937 3038 debeant.

489 3095 553 3169 20.
586 3077 635 3164 dc
657 3083 778 3191 primo
804 3081 968 3189 quidem:
992 3128 1015 3144 -
1035 3083 1099 3164 llle
1128 3097 1269 3164 tantam
1297 3085 1472 3192 parochus
1496 3103 1575 3164 ma·

409 3213 574 3293 trimonio
601 3209 718 3290 valide
734 3209 885 3306 assistit,
902 3209 964 3314 qui
983 3209 1193 3290 alterutrius
1212 3211 1498 3292 contrahentium
1517 3225 1576 3291 est

404 3337 588 3448 proprias.
606 3341 643 3416 Is
657 3350 777 3416 autem
806 3333 937 3414 dicitur
960 3337 1130 3443 proprias
1158 3337 1445 3417 contrahentium
1468 3349 1578 3442 paro-

407 3463 510 3559 chus,
523 3462 585 3569 qui
601 3461 639 3540 in
654 3485 727 3557 eos,
740 3461 796 3540 vel
806 3460 932 3541 saltem
943 3459 981 3538 iu
995 3461 1207 3542 altelatrum
1224 3453 1469 3541 iurisdictione
1483 3457 1579 3541 lrui-

407 3603 467 3668 tur
494 3587 568 3692 (3).
591 3629 615 3646 ·
633 3581 781 3664 Paroclri
809 3599 928 3664 autem
947 3584 1145 3666 iurisdictio
1162 3611 1225 3693 per
1244 3601 1367 3667 terum
1385 3609 1449 3666 seu
1469 3579 1582 3668 habi-

408 3711 504 3793 tuale
518 3707 748 3791 constituitur
763 3705 999 3797 domicilium,
1023 3709 1079 3788 vel
1093 3713 1200 3790 etiam
1225 3705 1583 3815 quasi-domicilium

409 3827 696 3916 contrahentium
724 3847 787 3911 aut
815 3857 936 3912 eornm
966 3833 1174 3914 alterutrius
1203 3835 1241 3912 id
1268 3833 1581 3942 illiuspatochia3

410 3987 481 4042 non
509 3983 592 4040 uero
609 3983 674 4064 par
693 3956 908 4037 domicilium
923 3957 1090 4064 eripiatis,
1110 3984 1176 4039 nec
1195 3976 1259 4066 ptr
1278 3959 1387 4040 solam
1407 3955 1455 4040 od
1472 3959 1587 4044 breve

480 4229 517 4302 tl)
536 4227 603 4286 Plus
621 4229 658 4285 vl
677 4227 758 4300 epist.
779 4227 819 4284 ad
837 4226 931 4299 Epioe.
951 4227 1069 4288 Lucina.

479 4313 518 4392 (4)
537 4317 578 4372 lta
597 4319 716 4371 testatur
734 4329 762 4384 p.
782 4313 918 4372 Ballertni
937 4315 972 4371 ic
997 4313 1074 4371 notis
1099 4317 1140 4374 od
1172 4319 1251 4388 Gora
1272 4313 1393 4388 anano.
1413 4319 1528 4378 moral.
1551 4325 1592 4386 do

410 4407 545 4463 matrim.
564 4417 595 4459 c.
615 4407 678 4460 eto.
698 4417 728 4475 p.
748 4407 774 4458 4.
794 4410 856 4460 aot.
876 4419 905 4461 a.

480 4491 518 4566 (3)
537 4493 696 4551 teurenlos
717 4489 770 4550 tto.
792 4497 818 4547 4.
840 4491 887 4550 tit.
906 4497 934 4549 3.
954 4501 1065 4564 quaem.
1087 4499 1139 4551 447
1157 4503 1185 4554 et
1203 4501 1263 4552 444.
