3446 5298
855 380 892 392 -
914 347 972 408 37¹4
995 379 1032 392 -

355 485 416 577 pta
435 471 651 550 matrimonii
680 471 903 551 validitatem
930 482 1077 550 strenue
1105 495 1147 547 ao
1165 494 1229 576 pro
1246 468 1382 550 viribus
1410 469 1532 549 tuebi-

353 606 428 688 tur,
447 609 483 674 et
498 595 527 674 si
544 594 657 674 ludex
673 595 710 674 in
730 595 887 674 secunda
903 596 1078 674 instantia
1094 593 1201 672 luerit
1217 595 1527 698 Metropolitanus,

354 731 418 796 aut
450 718 794 824 sedisapostolicae
825 721 1001 813 Nomius,
1038 731 1101 796 aot
1135 717 1333 822 Episcopus
1365 719 1529 814 vicinior,

355 843 570 922 matrimonii
609 843 774 922 defensor
811 843 859 922 sit
892 843 955 947 qui
984 841 1030 920 ab
1064 841 1151 946 ipsis
1180 840 1288 919 luerit
1316 841 1527 947 deputatus,

355 965 653 1071 quemadmodum
674 967 761 1072 ipsis
781 967 956 1071 deputare
981 965 1206 1058 mandamus,
1238 977 1279 1042 ut
1298 990 1391 1069 quae
1410 991 1431 1042 a
1460 969 1533 1043 No-

355 1089 411 1168 bis
434 1091 600 1196 superius
620 1092 816 1170 constituta
842 1103 942 1185 sunt,
965 1113 1134 1194 peragere
1171 1087 1312 1191 possit;
1346 1088 1379 1166 si
1408 1100 1529 1166 autem

355 1213 470 1292 ludex
495 1215 531 1291 in
552 1213 709 1293 seounda
739 1215 910 1294 instantia
939 1215 1009 1292 erit
1036 1211 1149 1292 ludex
1176 1211 1455 1304 commissarius,
1471 1213 1530 1290 eui

354 1335 485 1415 aSede
513 1337 708 1442 apostoliea
732 1363 860 1416 causae
891 1339 1045 1440 cognitio
1064 1334 1281 1414 demandata
1310 1335 1371 1428 sit,
1402 1335 1529 1440 etqui

353 1459 587 1570 tribunalet
625 1460 906 1540 iurisdietionem
945 1460 1161 1540 ordinariam
1203 1484 1276 1538 nou
1313 1459 1459 1556 habeat,
1491 1473 1528 1540 et

350 1597 538 1689 propterea
558 1599 679 1666 eareat
708 1585 892 1664 defensore
922 1583 1152 1678 matrimonii,
1184 1583 1367 1678 volumus,
1400 1597 1440 1663 ut
1467 1585 1530 1664 illo

351 1706 536 1786 defensore
566 1709 782 1788 matrimonii
819 1721 957 1804 utatur,
989 1708 1052 1814 qui
1088 1707 1308 1786 eonstitutus
1345 1705 1453 1785 luerit
1482 1707 1528 1786 ab

351 1829 555 1926 Ordinario,
587 1832 625 1910 in
645 1833 748 1911 euius
776 1832 928 1912 dioeoesi
958 1857 1102 1910 oausam
1123 1843 1329 1933 cognoseat,
1362 1829 1470 1908 etiam
1498 1831 1530 1908 si

352 1955 445 2034 idem
475 1956 687 2036 Ordinarius
714 1957 780 2053 sit,
811 1957 873 2062 qui
902 1959 1052 2061 primam
1090 1958 1304 2036 sententiam
1333 1957 1369 2034 in
1403 1955 1528 2036 eadem

353 2105 461 2158 eausa
490 2083 795 2186 pronunoiaverit.

433 2207 471 2304 ἓ.
506 2213 569 2282 11.
600 2210 781 2286 lnstruoto
809 2219 929 2285 autem
957 2207 994 2284 in
1024 2203 1120 2284 hune
1148 2203 1291 2284 modum
1320 2202 1466 2292 iudioio,
1495 2205 1527 2282 si

353 2329 510 2408 seeundo
530 2332 709 2410 sententia
738 2332 841 2410 alteri
870 2331 1058 2410 eonlormis
1086 2330 1208 2424 fuerit,
1240 2331 1307 2408 hoo
1334 2344 1403 2424 est,
1436 2330 1467 2408 si
1487 2332 1525 2410 in

350 2453 508 2532 seeunda
535 2481 647 2562 aeque
675 2481 717 2534 ae
744 2457 781 2534 in
801 2457 914 2560 prima
934 2456 1072 2535 nullum
1101 2481 1142 2534 aa
1170 2455 1311 2534 irritum
1339 2459 1526 2534 matrimo-

350 2579 448 2656 nium
477 2579 673 2659 iudioatum
701 2579 823 2675 luerit,
855 2593 890 2660 et
918 2580 963 2659 ab
991 2606 1033 2659 ea
1072 2605 1155 2686 pars
1184 2581 1240 2660 vel
1270 2579 1436 2660 defensor
1455 2607 1521 2686 pro

349 2727 415 2780 sua
443 2704 663 2782 consolantia
692 2729 764 2782 non
803 2703 995 2784 crediderit
1032 2703 1285 2809 appellandum
1319 2705 1374 2784 rel
1401 2706 1530 2810 appel-

349 2824 518 2904 lationem
556 2825 805 2932 interpositam
833 2829 1119 2932 prosequendam
1153 2827 1298 2906 minime
1326 2830 1523 2922 censuerit,

350 2949 389 3026 in
408 2961 583 3052 potestate
611 2961 646 3029 et
674 2949 824 3029 arbitrio
851 2951 1041 3054 ooniugum
1061 2951 1109 3030 sit
1128 2976 1239 3028 novas
1267 2952 1414 3056 nuptias
1443 2977 1530 3030 eon·-

351 3073 508 3168 trahere,
540 3074 730 3152 dummodo
758 3075 865 3154 alioui
893 3101 1015 3154 eorum
1044 3074 1088 3154 ob
1118 3075 1262 3180 aliquod
1292 3076 1530 3180 impedimen-

351 3212 426 3277 tum
456 3199 512 3278 vel
539 3199 733 3302 legitimam
762 3225 906 3278 oausam
935 3198 971 3276 id
1000 3199 1149 3278 vetitum
1178 3222 1250 3276 non
1278 3199 1338 3277 sit.
1362 3204 1527 3278 Potestas

351 3335 470 3400 tamen
486 3338 567 3427 post
585 3324 734 3402 alteram
752 3324 968 3402 sententiam
983 3321 1211 3416 eoulormem,
1244 3336 1422 3429 utsupra,
1441 3349 1527 3404 oon-

350 3445 495 3548 iugibus
528 3444 621 3525 laeta
651 3445 873 3550 intelligatur
901 3461 937 3526 et
970 3447 1086 3526 loeum
1120 3447 1266 3542 habeat,
1298 3448 1397 3526 salvo
1431 3474 1527 3527 sem-

349 3594 413 3676 per
442 3583 478 3648 et
515 3569 615 3648 lirmo
652 3584 857 3648 remanente
895 3573 973 3650 iure
1010 3597 1074 3650 seu
1111 3571 1297 3676 privilegio
1334 3597 1525 3651 causarum

347 3693 675 3800 matrimonialium,
707 3719 799 3799 quae
828 3693 872 3773 ob
901 3696 1158 3797 euiusoumque
1187 3695 1356 3798 temporis
1385 3695 1524 3800 lapsum

348 3839 533 3922 nunquam
562 3831 753 3897 transeunt
782 3818 818 3896 in
848 3843 921 3898 rem
950 3818 1166 3914 iudieatam3
1198 3817 1259 3896 sed
1280 3819 1310 3898 si
1335 3844 1426 3897 noua
1448 3845 1520 3914 reS,

345 3965 437 4044 quae
459 3966 530 4020 non
550 3940 704 4020 deducta
739 3941 795 4020 vel
824 3943 986 4044 ignorata
1015 3940 1137 4034 luerit,
1161 3940 1363 4044 detegatur,
1386 3943 1519 4020 resumi

346 4075 512 4169 possunt,
544 4078 580 4144 et
607 4091 732 4144 rursus
752 4066 789 4144 in
818 4065 1019 4144 iudioialem
1049 4066 1326 4144 controversiam
1345 4068 1518 4144 revocari.

348 4187 448 4277 Quod
480 4190 509 4266 si
539 4215 559 4266 a
587 4188 745 4266 seeunda
774 4191 953 4268 sententia
990 4213 1098 4292 super
1127 4187 1294 4266 nullitate
1324 4188 1379 4267 vel
1408 4189 1521 4266 altera

343 4322 428 4416 pa'rs
463 4313 710 4418 appellaverit,
752 4314 806 4392 rel
837 4311 1041 4392 huiusmodi
1070 4311 1131 4408 sit,
1164 4325 1204 4390 ut
1231 4313 1264 4390 ei
1301 4311 1400 4390 salva
1433 4337 1520 4390 eon-
