3406 5302
654 459 692 478 -
711 428 768 493 ΞΟ]
794 463 827 473 ...

167 565 277 633 mortu
307 565 533 631 «exaratum
560 552 708 648 scilicet,
739 564 781 632 ut
806 551 910 633 docet
936 573 1123 658 supremae
1141 557 1179 632 S.
1202 557 1240 631 C.
1264 557 1327 632 ln·

169 708 187 751 ‹
209 676 373 771 structio,
404 702 446 756 cx
476 677 624 783 regestis
652 677 842 783 parochiae
861 677 916 756 vel
937 676 1160 774 xenodocii,
1184 678 1240 758 rel
1258 678 1326 758 mi-

167 804 318 899 ‹litiee,
348 804 405 882 uel
432 802 552 898 etiam,
574 804 605 881 si
624 802 748 882 baberi
776 815 932 908 nequeat
959 801 1004 881 ab
1032 802 1247 883 auctoritate
1265 829 1322 883 eo-

168 961 185 1001 ‹
207 928 420 1023 clesiostica,
441 954 462 1005 a
483 927 655 1037 gubernio
674 928 769 1007 civili
788 927 855 1008 loci
869 927 906 1006 in
921 953 1006 1032 quo,
1029 941 1069 1007 ut
1087 929 1318 1035 supponitur,

169 1078 359 1160 ‹persona
386 1053 554 1133 obierit»
584 1054 658 1158 (1).
687 1053 788 1143 Quod
815 1053 846 1131 si
872 1052 1046 1132 eiusmodi
1073 1053 1323 1134 documentum

167 1179 290 1258 heberi
335 1192 512 1284 nequent,
565 1178 710 1258 testium
751 1177 1063 1283 depositionibus,
1112 1181 1322 1285 opportunis

168 1306 357 1412 propositis
384 1304 738 1409 interrogationibus,
769 1303 1006 1411 supplendum
1025 1305 1107 1385 erit.
1139 1307 1174 1385 Si
1203 1322 1322 1388 autem

167 1456 281 1537 neque
308 1443 419 1510 testes
447 1430 571 1509 heberi
599 1429 751 1536 possint,
782 1454 827 1508 ne
854 1452 949 1507 unus
975 1429 1134 1536 quidem,
1164 1431 1226 1536 qui
1254 1431 1323 1513 fide

164 1555 260 1659 digni
289 1569 327 1635 et
353 1556 463 1635 iurati
490 1554 673 1660 deponant
699 1553 755 1634 uel
784 1553 828 1633 de
855 1555 1180 1660 propriascientia,
1202 1555 1320 1636 uelde

163 1679 302 1777 auditu,
334 1679 413 1758 eliis
440 1677 737 1760 consumentibus
764 1677 957 1776 adiunctis,
987 1693 1029 1758 ut
1056 1679 1093 1758 in
1120 1680 1230 1760 cituta
1257 1683 1319 1760 ln·

161 1805 357 1884 structione
384 1818 531 1884 caretur
558 1802 619 1909 (2)
649 1804 758 1883 ‹hoc
786 1805 823 1883 in
850 1829 934 1883 casu
954 1804 1118 1911 probatio
1135 1805 1255 1886 obitus
1274 1832 1319 1886 ex

165 1962 181 2005 ι
205 1929 432 2025 coniecturis,
450 1927 812 2034 praesumptionibus,
835 1928 976 2008 iudiciis
994 1943 1033 2009 et
1050 1929 1324 2037 adiunctis-qui-

164 2055 437 2161 «tuscumque,
469 2053 593 2133 sedula
621 2066 717 2134 certe
744 2067 781 2133 et
808 2053 996 2133 admodum
1028 2069 1134 2134 cauta
1170 2055 1321 2136 investi-

166 2183 351 2285 ‹gatione
377 2178 536 2259 curanda
563 2179 631 2258 erit
653 2206 672 2253 o
693 2190 844 2284 -atque
872 2179 979 2258 etium
1005 2204 1049 2258 ex
1076 2178 1322 2276 samareton
1406 2178 1412 2198 “

163 2304 435 2409 investigatione
462 2328 527 2408 per
554 2303 716 2408 publicas
743 2301 1001 2409 ephemerides,
1019 2304 1064 2384 ad
1084 2304 1243 2385 eiusdem
1262 2309 1324 2385 ln·

164 2429 371 2509 structionis
397 2429 559 2506 tramites
585 2427 659 2533 (3).

242 2554 277 2632 Si
306 2553 350 2631 de
378 2552 630 2658 impedimento
656 2551 699 2630 lis
727 2565 782 2631 est
807 2576 852 2630 en
880 2553 980 2632 illata
1008 2554 1046 2631 oi
1072 2563 1214 2631 etotcto
1241 2551 1324 2634 dili·

163 2678 299 2784 gentior
327 2675 531 2756 adhibenda
558 2677 626 2755 erit
654 2676 894 2779 investigatio.
926 2681 1073 2780 Satagat
1091 2679 1213 2782 itaque
1241 2704 1324 2784 pro-

161 2828 282 2883 cessus
309 2800 523 2896 moderator,
554 2813 596 2879 ut
623 2802 661 2878 in
688 2800 777 2880 actis
804 2801 940 2905 liquido
967 2814 1105 2881 constet
1132 2829 1179 2880 an
1205 2816 1322 2884 metus
1414 2896 1419 2906 ,

163 2925 269 3006 luerit
297 2925 415 3029 gravis
446 2926 502 3006 vel
533 2925 570 3004 in
601 2950 640 3006 se
668 2925 724 3004 uel
752 2951 822 3030 quo
855 2925 899 3004 ad
927 2951 1133 3032 personam,
1169 2929 1227 3007 cui
1254 2928 1323 3009 fuit

164 3050 303 3146 illatus3
334 3075 380 3127 an
408 3050 452 3145 is,
483 3050 546 3154 qui
574 3063 707 3130 metum
734 3049 870 3146 intulit,
900 3074 944 3131 ee
971 3075 1062 3157 quae
1081 3053 1190 3132 verbo
1208 3053 1324 3133 mina-

166 3187 235 3269 tur,
266 3173 369 3254 lectis
405 3175 580 3281 complere
616 3175 746 3272 soleam
783 3198 1025 3282 supersum,
1060 3203 1152 3283 quae
1189 3193 1323 3260 metum

165 3324 268 3403 possa
295 3312 364 3394 est,
397 3299 495 3379 nulle
523 3301 661 3380 ratione
683 3301 789 3380 illurn
822 3300 934 3381 vitare
971 3303 1129 3409 potuerit
1156 3304 1212 3384 rel
1239 3317 1323 3384 ente

165 3425 377 3506 matrimonii
405 3425 694 3521 celebrationem,
725 3425 780 3505 vel
807 3426 846 3506 in
873 3439 956 3506 actu
983 3426 1247 3525 celebrationis,
1267 3431 1323 3510 rel

164 3565 299 3656 postea.
330 3555 419 3630 Nam
446 3553 477 3631 si
505 3563 585 3656 post
612 3549 740 3629 initum
767 3577 811 3630 ex
838 3565 937 3631 metu
965 3553 1182 3656 coniugium,
1208 3579 1324 3635 eme-

166 3688 222 3754 tus
250 3674 397 3781 imperio
425 3701 462 3755 se
490 3686 630 3781 poteret
658 3675 883 3771 subtrahere,
915 3687 951 3754 et
977 3676 1208 3757 nibilominus
1226 3680 1321 3758 ultro

165 3801 385 3908 libenterque
421 3801 681 3906 copulationem
718 3801 926 3906 expleverit,
962 3802 1161 3908 exceptioni
1189 3823 1322 3884 renun-

163 3929 285 4026 ciasse,
317 3955 358 4009 ac
385 3955 475 4008 novo
493 3928 677 4033 liberoque
704 3952 878 4008 consensu
893 3940 1009 4007 ratum
1042 3929 1210 4010 habuisse
1238 3957 1322 4011 oon-

230 4196 264 4265 tl)
278 4194 349 4252 Vide
362 4194 436 4253 intra
456 4195 487 4252 in
505 4195 635 4267 oppono.
656 4199 694 4251 θ’.
709 4207 862 4266 supremae
874 4197 901 4252 S.
918 4197 947 4252 c.
959 4195 1238 4254 trustroctiooomod
1252 4211 1319 4269 pro·

166 4283 296 4343 bendum
313 4283 428 4342 obitum
445 4284 573 4342 alicuius
589 4284 731 4356 coniugis.

230 4372 268 4446 (9)
289 4375 341 4433 Cit.
360 4379 505 4434 lustrent.
523 4391 577 4432 no.
597 4377 698 4429 e-t-s.

230 4464 269 4539 (3)
287 4466 338 4525 eit.
361 4481 512 4541 supremae
532 4468 560 4523 s.
574 4467 604 4524 c.
623 4469 762 4524 Irtstrect.
782 4480 834 4524 oo.
853 4468 968 4524 ΗΜ.
