3444 5302
901 481 1058 544 „16-

814 695 1070 772 delCULUS
1099 695 1141 770 V.

678 993 688 1020 ·
754 884 798 958 Ite
820 883 1047 976 impedimento
1069 887 1197 977 raptos.

479 1087 513 1156 t.
545 1081 630 1156 Cum
658 1077 914 1184 impedimento
947 1081 1001 1156 vis
1038 1093 1075 1158 et
1111 1093 1227 1158 metus
1259 1077 1425 1180 congruit
1454 1077 1564 1182 impe-

395 1197 594 1281 dimentum
622 1215 762 1306 raptus

474 1323 666 1402 Brevitatis
699 1323 814 1426 gratia
845 1325 948 1402 mitto
983 1321 1072 1428 quid
1102 1323 1224 1402 veniat
1261 1319 1403 1400 nomine
1436 1327 1562 1422 raptus

397 1445 586 1525 mulierum
605 1444 800 1550 inponere,
828 1445 960 1550 quidve
990 1459 1066 1524 tum
1093 1444 1190 1523 civili
1216 1457 1291 1523 turn
1310 1439 1479 1522 canonico
1497 1463 1564 1516 au-

396 1567 498 1671 tiquo
526 1566 604 1644 iure
645 1577 821 1644 statutum
863 1565 971 1646 luerit
998 1564 1116 1671 quoad
1146 1589 1277 1670 poenos
1310 1590 1330 1642 a
1359 1560 1563 1668 raptoribus

398 1689 632 1769 incurrendas
650 1703 688 1770 et
705 1692 743 1768 in
762 1689 886 1770 ordine
911 1689 957 1768 ad
981 1691 1245 1770 matrimonium
1269 1687 1488 1768 ineundum:
1520 1684 1564 1764 de

397 1813 530 1920 quibus
558 1813 708 1892 videsis
736 1819 907 1894 ductores
936 1813 1014 1894 lose
1042 1813 1087 1894 de
1107 1814 1205 1894 hisce
1223 1825 1484 1919 pertractantes
1506 1835 1565 1888 ar·-

399 1936 577 2041 gumentis
597 1937 671 2042 (1).
703 1937 900 2016 Dicendum
927 1939 986 2018 hic
1013 1951 1068 2018 est
1096 1937 1140 2016 de
1168 1937 1422 2044 impedimento
1440 1948 1564 2040 raptus

398 2062 558 2167 inspecto
586 2073 726 2142 tantum
756 2062 948 2142 novissimo
977 2061 1176 2142 Tridentini
1204 2067 1296 2141 iure.

480 2195 518 2264 2.
550 2185 698 2264 Nomine
734 2187 857 2290 itaque
895 2196 1047 2290 raptus,
1085 2201 1265 2292 quatenus
1301 2183 1564 2264 matrimonium

398 2309 548 2404 dirimit,
579 2309 731 2412 intelligi
759 2307 867 2388 debet
885 2309 1040 2388 violenta
1059 2309 1220 2388 mulieris
1248 2308 1421 2414 cuiusque
1449 2304 1565 2386 abdu-

397 2434 469 2514 ctio
495 2433 541 2512 de
569 2434 644 2513 loco
672 2445 750 2513 tuto
778 2437 817 2514 in
844 2435 968 2531 alium,
1002 2435 1062 2514 ubi
1091 2435 1159 2514 sub
1188 2435 1342 2541 raptoris
1361 2433 1564 2513 detineatur

398 2571 590 2665 potestate,
612 2560 827 2638 matrimonii
847 2558 994 2639 ineundi
1014 2585 1135 2638 causa.
1155 2605 1179 2619 -
1200 2565 1244 2638 Et
1267 2572 1393 2666 raptus
1412 2557 1564 2636 habetur

398 2697 441 2763 ut
469 2683 551 2763 talis
579 2684 654 2762 sive
682 2697 804 2788 raptor
831 2708 895 2788 per
923 2707 961 2761 se
989 2684 1065 2764 sive
1098 2710 1162 2789 per
1190 2681 1278 2762 alios
1310 2679 1484 2762 eiusmodi
1511 2680 1564 2758 la·

398 2807 501 2887 ciuus
520 2807 739 2902 committat;
770 2807 845 2886 sive
864 2832 974 2912 penes
993 2833 1045 2904 se,
1077 2809 1151 2888 sive
1179 2833 1290 2914 penes
1317 2809 1406 2888 alios
1424 2819 1563 2911 raptam

398 2958 587 3042 personam
614 2933 652 3011 in
671 2958 736 3012 sua
755 2935 909 3012 retineat
937 2947 1129 3038 potestate.
1147 2980 1171 2994 -
1192 2933 1289 3014 Nihil
1316 2947 1437 3014 autem
1456 2931 1565 3012 refert
1584 3015 1591 3031 ,

399 3057 475 3136 sive
504 3057 631 3136 mulier
658 3081 678 3134 e
705 3055 781 3135 loro
808 3069 888 3135 tuto
915 3081 979 3162 per
1006 3056 1077 3136 vim
1104 3057 1353 3144 abstrahatur,
1382 3057 1457 3136 sive
1485 3055 1566 3135 dolo

400 3180 520 3284 aliquo
547 3178 787 3260 circumducta
815 3180 852 3258 in
881 3191 1094 3286 potestatem
1121 3181 1301 3260 molientis
1323 3181 1486 3286 rapinam
1509 3181 1565 3258 in·

401 3305 474 3383 scia
493 3304 683 3400 deveniat;
704 3303 860 3408 itemque
879 3303 955 3382 sive
973 3329 993 3383 e
1012 3306 1164 3410 propriis
1184 3305 1334 3384 aedibus
1353 3305 1467 3384 aliove
1487 3318 1566 3384 tuto

400 3427 477 3506 loco
504 3427 758 3523 abstrahatur,
790 3451 836 3505 an
863 3451 947 3508 vero
974 3453 1038 3533 per
1066 3427 1209 3508 fraudes
1237 3455 1281 3508 ex
1310 3430 1354 3508 iis
1381 3429 1561 3522 abducta,

401 3551 701 3632 circumveniatur
729 3577 771 3630 ac
788 3551 1042 3657 praepediatur
1070 3551 1199 3632 deinde
1226 3578 1273 3632 ne
1297 3552 1343 3632 ad
1367 3566 1485 3634 tutum
1513 3551 1565 3630 lo-

401 3699 481 3754 cum
508 3674 619 3754 libere
647 3676 778 3754 reverti
807 3676 924 3755 valeat
952 3675 1026 3782 (ἓ),
1056 3701 1168 3782 quum
1187 3677 1224 3754 in
1244 3675 1301 3755 his
1329 3701 1443 3781 acque
1470 3675 1565 3754 adsit

401 3798 572 3878 violentia
585 3825 678 3904 quae
693 3797 889 3904 requiritur
903 3797 947 3877 ad
964 3813 1089 3905 raptus
1103 3801 1236 3880 crimen
1256 3799 1561 3880 constituendum.

471 4027 507 4100 (ll
527 4028 662 4099 Saochez,
681 4029 717 4086 de
734 4027 870 4087 marim.
891 4028 944 4086 lib.
957 4034 983 4086 7.
998 4029 1076 4102 disp.
1097 4035 1148 4091 Μ
1164 4059 1197 4070 -
1213 4029 1331 4103 Pirhing
1350 4029 1402 4088 tic.
1423 4037 1440 4087 5
1460 4031 1564 4090 decret.

400 4117 442 4174 tit.
464 4117 514 4183 17;
533 4147 568 4158 -
587 4119 746 4176 Leurenius
765 4119 818 4189 Op.
831 4118 880 4174 cit.
901 4131 954 4175 seu
973 4120 995 4176 1.
1015 4120 1045 4175 c.
1066 4121 1099 4176 U.
1116 4117 1169 4176 tto.
1186 4125 1212 4177 4.
1229 4120 1278 4177 tit.
1297 4124 1324 4177 tt.
1343 4126 1454 4192 qaam.
1475 4125 1526 4178 tle
1540 4125 1567 4178 ct

399 4219 483 4277 seqq,-
502 4235 537 4245 —
554 4205 809 4279 schmalagrueter
829 4204 881 4262 tto.
902 4213 929 4263 o.
949 4207 998 4265 ttt.
1017 4210 1060 4275 47,
1082 4205 1222 4280 aliosque.

471 4292 509 4366 (2)
522 4294 569 4352 Cir
582 4295 804 4353 declarationem
823 4297 852 4351 S·
872 4295 1104 4367 congregationis
1118 4297 1237 4355 concilii
1255 4299 1291 4355 25
1309 4298 1382 4356 iunii
1402 4297 1481 4368 leot,
1501 4312 1566 4356 con·

402 4381 544 4438 firmatam
563 4381 610 4440 die
626 4383 662 4439 at
680 4381 796 4455 augusti
815 4395 840 4440 e.
855 4397 900 4451 a.,
929 4381 1006 4454 apud
1035 4383 1252 4455 Epiremeridem
1276 4385 1463 4458 inscriptam:
1494 4390 1567 4444 Acta

401 4470 527 4526 Sanctae
543 4469 626 4526 Sedis
643 4469 678 4529 ic
696 4469 1042 4544 compromittentium,
1065 4472 1124 4531 vot.
1145 4473 1170 4530 1.
1190 4487 1297 4546 opop.
1319 4479 1352 4530 15
1370 4475 1457 4546 adp.
1477 4478 1522 4532 24.
