3444 5302
726 529 882 591 ..27-

221 649 337 731 solutu
365 653 424 758 (l)
453 639 610 732 habendi
639 679 758 734 reram
785 667 821 732 et
849 651 1041 760 perfectam
1069 649 1246 756 copulam,
1269 650 1393 756 qualis

220 775 363 856 inviro
398 789 453 856 est
480 775 690 882 impotentia
727 776 938 882 penetrandi
967 773 1276 872 pantomimum,
1317 775 1391 856 ibi·

223 897 375 1004 demque
403 894 609 978 effundendi
637 923 758 979 semen
786 899 830 979 de
857 925 895 978 se
924 911 1047 1004 aptum
1081 899 1317 1003 generationi,
1350 903 1387 978 iu

222 1021 354 1103 lemiua
382 1023 591 1129 impotentia
620 1023 831 1103 admittendi
859 1036 896 1103 et
923 1022 1117 1129 reeipiendi
1140 1047 1259 1104 semen
1281 1022 1387 1118 iilud,

223 1154 277 1227 ast
296 1146 586 1254 impedimentum
604 1147 646 1228 de
666 1147 744 1228 inre
763 1159 916 1228 naturae
933 1145 1105 1227 dirimens
1124 1147 1389 1228 matrimonium

224 1271 505 1353 ooutraheudum
534 1271 619 1380 (2);
649 1286 685 1352 ot
709 1285 767 1353 est
794 1272 989 1352 eommunis
1021 1275 1210 1352 llootorum
1243 1284 1392 1352 seuten-

225 1396 276 1474 tia
292 1394 396 1501 (3).-
417 1396 597 1502 Siquidem
612 1393 656 1474 de
672 1399 827 1476 essentia
843 1397 1057 1476 matrimonii
1072 1409 1141 1492 ost,
1159 1409 1201 1476 ut
1219 1397 1390 1500 oouiuges

225 1519 300 1598 lieri
332 1521 470 1626 possint
494 1546 565 1600 uua
585 1545 685 1618 oaro;
707 1522 809 1626 atqui
829 1521 896 1600 hoo
918 1522 1060 1600 evenire
1080 1544 1239 1626 uuquam
1265 1519 1391 1626 nequit

225 1641 309 1721 dum
330 1641 399 1748 ipsi
418 1641 576 1724 obsolute
593 1656 629 1723 et
643 1655 810 1750 perpetuo
828 1644 938 1748 inepti
958 1656 1044 1722 sunt
1063 1641 1108 1721 ad
1137 1667 1256 1723 reram
1275 1641 1394 1748 perle-

225 1779 389 1870 otamque
408 1766 583 1872 oopulam.
597 1771 722 1848 ·ltem
741 1765 785 1846 de
803 1767 995 1846 intrinseoa
1015 1767 1229 1844 matrimonii
1249 1767 1388 1844 ratione

226 1906 281 1971 tat
308 1889 477 1996 obligatio
504 1905 540 1971 ot
567 1889 714 1972 traditio
741 1913 927 1997 amporam
954 1889 999 1968 ad
1028 1915 1132 1970 usum
1176 1915 1240 1970 seu
1277 1913 1391 1996 oopu-

229 2015 299 2094 lam
326 2015 565 2120 eouiugalem;
595 2015 641 2095 ad
661 2039 739 2094 uam
757 2027 877 2094 autem
909 2013 1067 2118 obligare
1099 2039 1137 2093 se
1171 2015 1295 2119 nequit
1326 2015 1390 2120 qui

231 2135 387 2216 obsolute
413 2150 448 2216 et
472 2151 642 2244 perpetuo
667 2151 722 2218 est
750 2141 925 2245 imputans
951 2161 1029 2216 eam
1057 2161 1235 2218 exeruere.
1253 2140 1394 2242 Impos-

231 2259 387 2340 aibilium
414 2261 508 2340 enim
526 2263 624 2342 nulla
644 2277 700 2344 est
718 2261 887 2367 obligatio
906 2265 980 2366 (l),
1002 2275 1039 2342 et
1058 2287 1161 2342 nemo
1179 2273 1392 2367 potestatum

232 2386 371 2466 tradere
399 2399 516 2493 potest
545 2389 596 2466 rei
623 2411 730 2492 quam
757 2387 856 2466 nulla
884 2387 1020 2465 rationo
1050 2385 1160 2466 habet
1188 2388 1203 2494 (
1231 2383 1261 2490 ).

309 2521 346 2590 5.
380 2510 597 2592 Secundum:
617 2511 830 2618 lmpoteutia
850 2511 1070 2600 antecedens,
1091 2514 1264 2620 perpetuu
1283 2526 1319 2593 et
1338 2537 1395 2592 re-
1484 2495 1492 2518 ⁹

299 2756 337 2830 (ll
347 2757 396 2817 Cir
405 2759 567 2816 zaeohlaru:
583 2761 768 2828 onerationem
781 2760 1016 2832 modim-tegatur,
1033 2759 1084 2818 tto.
1095 2767 1122 2818 n.
1138 2761 1187 2820 tit.
1200 2765 1227 2819 t.
1239 2767 1349 2833 queret.
1364 2766 1392 2818 t.

229 2850 262 2908 de
275 2849 399 2924 frigidis
411 2857 438 2910 et
452 2849 653 2922 maleficiutirr
666 2855 777 2924 querat.
792 2857 819 2906 ⁶.
834 2850 868 2906 dr
880 2849 1054 2922 impotentia
1068 2848 1244 2921 reperirer
1259 2857 1284 2908 et
1298 2847 1352 2908 tib.
1365 2855 1393 2906 9.

230 2939 276 2997 tit.
294 2945 323 2996 a.
342 2945 454 3011 quaeat.
475 2943 589 3007 tou-5,
612 2939 662 2996 ubi
681 2937 717 2995 de
737 2937 940 3010 impedimento
966 2939 1056 2994 cuitus
1086 2937 1123 2994 ol)
1151 2936 1336 3008 frigiditatem
1366 2943 1395 2993 et

230 3026 416 3094 natalicium,
436 3025 473 3084 ob
491 3026 559 3084 vitia
578 3026 785 3093 memororum,
805 3026 842 3083 oh
859 3025 987 3090 morbos,
1007 3039 1044 3081 ex
1067 3033 1146 3096 parta
1175 3031 1235 3081 tum
1254 3023 1312 3080 riri
1331 3031 1393 3081 tum

230 3114 371 3173 mulieris.
388 3141 420 3154 -
436 3113 597 3172 Plurimum
612 3113 683 3172 haee
696 3114 792 3171 omnia
807 3113 959 3170 eouleruut
972 3111 1008 3170 ad
1025 3111 1250 3184 dignoscendum
1268 3112 1297 3168 in
1310 3112 1394 3183 praxi

227 3217 327 3260 raram
346 3203 540 3276 trigiditatem,
560 3203 681 3274 eiusque
700 3217 801 3262 musas
820 3209 847 3259 et
865 3203 957 3274 sigua,
978 3201 1119 3258 sciliceta
1139 3200 1282 3271 molestato
1301 3215 1337 3259 ue
1353 3215 1391 3257 au

228 3298 297 3348 tero
326 3297 484 3360 amatura,
515 3297 657 3363 perpetue
673 3305 709 3348 ue
735 3303 771 3347 au
791 3289 967 3362 temporalia,
996 3289 1164 3347 antuedeue
1187 3303 1222 3346 ua
1247 3304 1283 3346 au
1302 3301 1395 3346 ronan

229 3389 317 3452 ςιιοιιι
335 3377 372 3434 rit
391 3377 567 3452 impotentia.
589 3379 629 3434 Ex
648 3378 702 3434 hoo
720 3377 797 3434 euim
817 3378 943 3434 maxima
967 3375 1080 3448 pendet,
1100 3383 1132 3434 ut
1162 3375 1249 3435 iudex
1268 3377 1297 3432 iu
1317 3377 1394 3434 eius·

229 3463 307 3522 modi
325 3465 421 3522 causis
440 3465 699 3524 matrimonialibus
718 3479 815 3522 veram
835 3479 869 3521 ae
887 3466 991 3522 iustum
1012 3464 1083 3522 ierat
1102 3465 1281 3530 senteutiam,
1303 3471 1333 3520 ut
1347 3477 1395 3520 aa·

230 3567 296 3610 aum
316 3551 511 3624 expendemus
531 3553 604 3609 iutra
624 3553 653 3610 iu
673 3552 880 3625 Dircepurtioue
899 3552 996 3609 tertio.

301 3639 335 3712 12)
354 3643 422 3712 Cap.
443 3641 645 3714 traturnitutir
662 3647 688 3708 ι,
711 3639 760 3697 rit.
781 3641 828 3698 tit.

301 3729 337 3802 (3)
355 3729 404 3788 Cir
433 3729 558 3786 murier
572 3727 623 3786 tio.
648 3735 673 3784 ι.
690 3729 766 3799 dirp.
787 3733 830 3796 92,
846 3729 974 3801 Plurimi,
989 3729 1243 3801 Solimalrgruebar
1261 3727 1395 3799 aliosque

232 3819 413 3891 iurisperitus
432 3817 463 3875 iu
477 3820 554 3876 hune
571 3817 696 3876 titulum.
718 3845 751 3856 -
771 3817 930 3875 Laureolus
950 3824 1044 3875 autem
1058 3825 1169 3890 queret.
1190 3821 1242 3874 269
1261 3822 1288 3874 et
1305 3831 1390 3888 seqq,

230 3907 323 3966 uitatis
341 3907 407 3965 aliis
422 3909 487 3975 um,
502 3906 588 3963 iulert
599 3905 783 3972 consectaria,
803 3917 926 3976 quaeat
944 3905 999 3962 hoo
1018 3905 1158 3978 prim-‚ipio
1173 3911 1274 3976 spouta
1288 3903 1395 3972 lluuut,

230 4009 362 4069 quaeque
378 3995 497 4052 attinent
516 3993 552 4051 ud
571 3993 766 4064 imperlootam
785 3993 841 4052 riri
860 3993 1003 4065 copulam,
1023 3993 1059 4050 ad
1082 3993 1240 4062 eunuchos,
1271 3991 1395 4059 steriles,

231 4099 314 4144 aeuus
333 4083 491 4155 decrepitos
508 4083 554 4140 rel
574 4083 694 4139 omuino
712 4081 877 4148 exhaustos,
898 4081 1026 4139 intirmos
1045 4095 1170 4153 quorum
1189 4080 1337 4152 desperata
1352 4083 1396 4136 ert

231 4172 321 4238 salue,
342 4185 375 4228 aa
394 4169 507 4227 taudem
529 4167 788 4240 hermaphroditos.

299 4258 337 4332 (tt
357 4259 423 4332 lteg.
445 4262 508 4315 luo.
527 4257 558 4332 ff.
579 4259 614 4315 de
632 4260 697 4330 llep.
719 4259 793 4326 rur„
812 4273 848 4316 ex
861 4271 918 4328 qua
930 4265 1042 4329 sumpta
1056 4265 1098 4316 eat
1113 4261 1179 4330 itaq.
1195 4261 1260 4316 lur.
1273 4263 1300 4314 t.
1323 4255 1351 4313 iu
1364 4257 1392 4312 6:

229 4351 318 4405 Nemo
333 4353 424 4420 petru
443 4345 483 4403 ed
501 4344 681 4417 imperatore
699 4345 840 4417 obligari.

301 4435 338 4508 (5)
358 4439 399 4492 lix
419 4437 483 4508 lleg.
503 4437 568 4491 [ιιι.
583 4439 617 4492 79
636 4435 667 4491 iu
685 4435 713 4503 6,
729 4447 802 4506 quae
820 4433 903 4490 dieii:
923 4435 1012 4490 Nemo
1025 4441 1113 4506 poteri
1123 4433 1190 4508 plur
1204 4435 1282 4494 iuria
1295 4439 1391 4491 trum-

231 4526 309 4600 [οπο
325 4525 361 4582 in
379 4523 484 4590 ulium,
508 4536 601 4596 quum
617 4521 677 4580 eibi
694 4529 849 4595 eornpetrre
867 4517 1069 4594 dignarentur.
