3424 5300
787 412 1023 486 4-1δὰ-

351 555 458 637 quarn
486 543 643 638 tempere
680 531 815 614 fuerint
842 549 947 616 antea
981 537 1153 635 invalida,
1193 541 1268 619 sivo
1305 565 1391 636 non,
1421 541 1516 650 quod

351 657 498 740 dubium
521 659 681 764 profecto
707 686 817 767 oeque
844 661 1018 743 lrtcertum
1055 665 1253 744 remansit:
1282 664 1326 743 ad
1354 691 1396 745 ea
1424 667 1520 750 nibi-

310 861 314 872 ,
350 783 505 863 lominus
533 785 777 890 praecavenda
810 788 1018 890 gravissima
1054 792 1161 888 mala,
1193 815 1286 896 quae
1319 792 1356 871 in
1384 796 1520 875 anima-

352 933 431 986 rurn
459 908 651 1014 perniciem
680 935 721 990 ac
749 913 859 990 totius
886 913 1103 995 christianae
1131 915 1350 1022 reipublicae
1377 931 1520 1023 pertur-

353 1030 533 1112 bationem
561 1058 605 1112 ex
647 1033 718 1114 illis
746 1034 1003 1133 obveniebant,
1043 1053 1080 1120 et
1116 1039 1265 1146 quibus,
1297 1042 1521 1147 experientia

352 1155 514 1253 docente,
547 1157 644 1236 haud
683 1160 772 1242 satis
809 1185 993 1242 occrrrrere
1029 1177 1170 1270 poterat
1208 1165 1282 1244 sole
1315 1166 1518 1246 eorumdem

352 1283 548 1390 prohibitio
563 1311 584 1363 a
599 1286 754 1366 Concilio
769 1291 1003 1368 Lateranensi
1019 1289 1144 1369 lllsub
1164 1293 1373 1372 Innocentio
1383 1295 1438 1371 lll
1458 1289 1518 1399 (l)

350 1424 535 1504 renovata,
569 1409 819 1507 deliberatum,
852 1411 1013 1518 inquam,
1044 1427 1113 1510 est,
1144 1427 1186 1493 ut
1214 1415 1369 1494 inualida
1391 1417 1428 1494 in
1455 1441 1519 1522 po·

351 1547 486 1614 storum
515 1534 814 1616 decernerentur:
846 1537 942 1642 quod
971 1539 1089 1644 reipsa
1127 1539 1259 1618 facturn
1278 1539 1430 1643 legimus
1457 1565 1521 1646 per

352 1659 497 1764 saepius
525 1659 710 1742 laudatum
739 1659 1015 1742 saluberrimum
1043 1662 1257 1742 decretum»
1289 1663 1303 1768 (
1332 1663 1363 1770 ).

432 1793 495 1864 28.
526 1790 655 1865 Verum
683 1813 727 1867 ex
755 1787 998 1867 Orientalibus
1011 1787 1157 1894 quidam
1184 1790 1291 1867 etiarn
1311 1789 1424 1868 nestri
1444 1783 1522 1866 aeui

352 1910 506 1989 valorem
520 1910 698 2016 impetunt
713 1913 971 2016 coniugiorum,
988 1937 1080 2018 quae
1096 1921 1168 1992 non
1187 1911 1321 1992 luerint
1343 1912 1520 1992 Ecclesiae

351 2033 598 2116 benedictione
626 2061 689 2114 seu
718 2037 945 2117 coronatione
973 2037 1125 2120 firmata.
1157 2042 1314 2142 Cumque
1329 2063 1372 2117 ex
1393 2063 1522 2118 monu-

353 2159 482 2240 mentis
518 2161 586 2238 iarn
625 2161 662 2240 iu
699 2161 906 2242 Tridentiua
939 2162 1081 2270 Synodo
1118 2165 1285 2269 expensis
1322 2187 1394 2242 non
1430 2164 1519 2244 satis

354 2287 496 2394 probari
524 2287 682 2366 sentiant
710 2313 832 2366 eorum
852 2287 996 2385 thesim,
1027 2287 1373 2368 adeousuetudicem
1392 2312 1521 2393 proro-

229 2415 247 2480 '·
353 2425 450 2506 eant,
481 2411 584 2490 cuius
603 2411 638 2490 vi
657 2412 830 2492 eiusmodi
846 2413 1009 2518 coniugia
1028 2413 1124 2520 apud
1140 2413 1365 2493 orientalium
1384 2415 1518 2492 rituum

353 2535 476 2616 fideles
503 2537 601 2616 nulla
629 2550 737 2644 atque
757 2538 857 2616 irrita
876 2538 1053 2618 censenda
1073 2563 1151 2620 esse
1170 2539 1405 2633 contendunt,
1429 2539 1515 2643 quin

353 2661 588 2742 tridentinum
616 2661 819 2768 publicetur
846 2664 1042 2744 decretum.

435 2793 480 2868 lt
493 2788 657 2892 quamvis
676 2786 934 2866 consuetudine
949 2787 1105 2892 legitime
1123 2787 1270 2868 inducte
1289 2801 1398 2892 atque
1417 2810 1522 2892 prac-

354 2913 504 3018 seripte‚
539 2937 636 2991 nova
673 2911 842 2992 constitui
877 2912 1017 3018 possint
1053 2911 1256 2991 dirimentis
1290 2909 1519 2990 ecelesiastici

354 3039 442 3116 iuris
457 3035 708 3141 impedimenta
724 3036 798 3143 (3),
812 3049 1054 3116 utconstateu
1070 3049 1144 3115 toto
1158 3035 1263 3114 titulo
1276 3033 1319 3113 ‹le
1337 3045 1522 3113 consuetu·

355 3163 456 3242 dine:
484 3175 603 3242 tamen
623 3163 660 3240 in
679 3161 836 3241 themate
855 3186 917 3267 per
937 3159 1181 3240 ineluctabilie
1208 3173 1418 3264 argumenta
1437 3183 1520 3266 pro·

356 3287 512 3367 bandurn
540 3286 654 3383 loret,
684 3286 779 3392 quod
808 3286 965 3390 legitima
1002 3284 1232 3373 cousuetudo,
1270 3283 1365 3390 apud
1395 3283 1522 3363 Orien·

356 3413 446 3493 tales
473 3412 637 3492 catholici
665 3414 756 3491 ritus
784 3411 973 3508 Ecclesias,
1004 3409 1135 3504 nedum
1165 3408 1295 3488 illicito
1323 3407 1386 3488 sed
1414 3409 1520 3488 etiarn

357 3537 532 3618 incolite
556 3537 748 3643 proclamet
784 3535 1005 3614 clandestina
1042 3535 1228 3638 coniugia.
1273 3535 1330 3613 Sic
1370 3531 1522 3640 exempli

357 3663 472 3769 gratia
494 3661 893 3768 eiusmodiprobaretur
920 3659 1140 3740 consuetudo
1167 3659 1197 3740 si
1226 3661 1347 3766 plures
1374 3655 1523 3766 proferri

358 3801 503 3896 possent
540 3785 857 3866 ecclesiasticorum
900 3785 1131 3864 tribunalium
1170 3785 1388 3875 sententiae,
1429 3807 1521 3888 quae

358 3914 456 3993 nulla
485 3925 592 4019 atque
629 3910 730 3990 irrita
764 3924 967 3990 constanter
1005 3909 1263 3989 declaraverint
1300 3907 1523 3988 clandestino

429 4089 465 4163 (tl
485 4091 552 4161 cup.
572 4104 640 4146 cem
658 4087 802 4146 lubibltto
819 4090 845 4156 3,
869 4087 903 4144 dr
920 4088 1057 4146 clundeet.
1079 4088 1239 4160 desponset.

429 4177 462 4251 lt)
483 4179 624 4236 benedict.
645 4181 706 4236 lllv
727 4177 897 4236 lectito.
918 4185 945 4234 7.

429 4270 465 4342 (3)
485 4270 610 4328 Sancbez
631 4267 683 4326 tte.
703 4273 729 4324 t.
751 4267 827 4340 disp.
850 4273 876 4323 t.
895 4283 926 4323 rt.
949 4273 992 4324 tr.
1012 4275 1037 4325 et
1055 4283 1132 4341 seqq.
1146 4267 1234 4326 etalii
1255 4269 1333 4328 citati
1352 4282 1367 4324 e
1384 4265 1525 4324 Leurenlo

361 4359 412 4418 tlt.
433 4367 459 4416 t.
479 4361 528 4419 tc't.
549 4366 573 4417 t.
594 4366 704 4434 queret.
726 4363 787 4416 tot.
808 4371 872 4415 curn
892 4360 1049 4425 wmrnuni,
1076 4363 1179 4416 contre
1201 4359 1288 4432 eluse.
1307 4358 1342 4416 tn
1360 4373 1423 4430 cop.
1445 4359 1472 4414 t.
1491 4355 1525 4413 de

359 4455 475 4522 cneum.
494 4449 595 4523 spirat.
615 4455 642 4506 et
659 4448 741 4506 alins.
1174 4461 1178 4472 ·
