3424 5300
667 419 842 482 -l2l-

169 541 211 621 lit
241 543 423 639 convorti3
447 589 471 602 -
491 552 528 622 2⁰
562 569 647 622 num
679 543 805 622 saltem
839 544 926 622 velit
957 543 1164 624 cohabitare
1202 543 1338 648 absque

168 666 382 744 contumelia
411 667 601 745 Creatoris.
625 671 799 746 -Contra
827 669 921 745 iuter
941 667 1103 744 nationes
1122 665 1338 744 christianas

171 791 291 894 praxis
319 789 486 883 invaluit,
519 803 559 870 ut
587 792 727 894 coniugi
756 789 801 868 ad
831 789 936 868 tidem
964 815 1135 868 converso
1159 815 1229 868 non
1258 816 1341 896 per-

171 914 334 994 mittatur
360 913 581 994 cohabitatio
609 941 688 994 curn
716 915 828 994 altero
856 914 1036 994 obstinato
1056 918 1093 992 in
1109 914 1335 1013 infidelitate,

167 1063 201 1118 o.
234 1063 286 1140 gr.
319 1037 356 1116 in
384 1039 572 1133 iudaisnro,
602 1039 765 1143 quarnvis
784 1039 842 1118 hic
862 1051 1095 1144 protestetur,
1127 1065 1165 1119 se
1185 1041 1332 1145 pacifice

170 1163 259 1242 velle
287 1163 507 1243 cohabitare.
530 1168 574 1242 Et
595 1164 665 1242 buc
684 1177 821 1269 spectat
837 1165 1030 1258 sententia,
1054 1189 1160 1269 quarn
1177 1166 1336 1246 Sancbez

170 1303 387 1394 propugnat,
417 1301 454 1367 et
472 1313 581 1392 supra
600 1287 787 1368 retulimus
810 1288 885 1394 (1),
908 1302 1003 1368 recto
1031 1289 1333 1384 animadvertens,

170 1412 237 1492 boc
265 1416 301 1492 in
329 1438 414 1492 casu
442 1439 483 1492 ea
511 1437 638 1515 urgere
665 1413 849 1507 adiuncta,
880 1412 925 1491 ob
944 1439 1036 1518 quae
1057 1415 1245 1519 Apostolus
1273 1414 1337 1493 do-

168 1537 258 1632 cuit,
289 1562 498 1616 conversum
526 1561 644 1642 posse,
675 1536 822 1616 dimissa
854 1551 958 1642 parto
987 1537 1136 1632 infideli,
1174 1539 1219 1618 ad
1247 1540 1336 1618 alias

168 1661 316 1766 nuptias
352 1661 520 1754 transire,
556 1685 622 1738 nec
658 1659 903 1762 obligandum,
941 1672 980 1738 ut
1016 1661 1188 1740 caelibem
1226 1665 1335 1742 vitain

168 1785 290 1864 ducat.
322 1785 364 1864 ld
392 1787 486 1864 enirn
514 1810 594 1864 cunr
622 1809 729 1886 grave
758 1783 827 1888 ipsi
847 1784 968 1886 iugum
987 1810 1065 1862 esse
1084 1799 1207 1889 queat,
1231 1787 1335 1867 alide

168 1909 414 2015 amplectenda
443 1895 630 1988 removere
659 1932 740 1986 euna
771 1921 913 2011 posset;
945 1920 981 1986 et
1009 1910 1039 1986 si
1067 1908 1172 1988 lidern
1201 1911 1342 1990 nihilo*

167 2033 286 2112 minus
315 2035 563 2140 amplectatur,
596 2031 679 2111 talis
707 2029 864 2109 conditio
892 2029 1031 2110 fidelem
1065 2034 1230 2112 servituti
1259 2059 1335 2114 nra-

168 2160 324 2238 trirnonii
353 2162 390 2237 in
419 2157 628 2236 infidelitate
657 2157 829 2234 contracti
849 2153 1041 2234 subiicerat
1061 2169 1183 2234 contra
1203 2156 1335 2238 doctri-

168 2309 249 2360 narn
278 2295 315 2362 et
351 2295 505 2360 rnentem
544 2279 644 2357 Pauli
682 2277 890 2358 scribentis:
928 2285 1009 2356 Non
1043 2279 1136 2357 euim
1168 2280 1334 2360 servituti

167 2407 340 2486 subiectus
369 2417 420 2486 eat
445 2407 562 2510 frater
592 2415 656 2482 aut
675 2427 775 2480 soror
794 2401 833 2478 io
847 2401 1063 2480 huiusmodi.
1086 2407 1169 2482 -lu
1188 2405 1254 2484 boc
1269 2433 1335 2486 au-

167 2545 237 2610 tern
267 2531 378 2610 altero
406 2555 505 2622 casu,
537 2527 682 2621 sufficit,
715 2539 755 2605 ut
783 2551 865 2630 pars
894 2523 1048 2604 infidelis
1067 2526 1329 2632 interpelletur,

166 2679 252 2732 nurn
280 2654 365 2734 velit
393 2653 570 2746 converti;
602 2663 638 2730 et
665 2652 695 2728 si
715 2648 936 2728 iudicialiter
955 2649 1031 2728 liori
1054 2651 1202 2728 monitio
1230 2653 1328 2748 velit,

165 2778 297 2881 poterit
324 2777 486 2857 adhiberi
514 2774 673 2882 formula
701 2801 722 2852 a
750 2775 920 2854 Clericato
939 2774 1119 2879 proposita
1141 2775 1200 2880 (ἓ)
1220 2791 1256 2856 et
1276 2777 1333 2857 hic

164 2899 257 2980 iulra
285 2901 399 2980 relata
428 2901 443 3006 (
473 2903 502 3002 l.

245 3026 497 3104 Diversitatem
525 3051 608 3106 vero
636 3029 758 3132 praxis
785 3053 850 3132 pro
879 3027 1128 3106 adiunctorunr
1156 3029 1332 3108 locorum-

165 3175 235 3254 que
254 3148 462 3228 diversitate
484 3152 668 3254 perspicue
687 3152 834 3255 exponit
853 3165 889 3230 et
908 3151 1024 3230 sancit
1038 3149 1221 3230 decretum
1241 3157 1333 3230 Con-

165 3275 237 3352 cilii
265 3274 440 3352 Limensis
468 3277 522 3352 lll
550 3300 571 3350 a
600 3275 698 3353 Sixto
727 3275 985 3370 Vcoufirnaati,
1008 3287 1048 3354 ut
1077 3276 1172 3382 apud
1201 3277 1333 3379 Pigna·

166 3397 241 3476 telli
271 3397 400 3500 legitur
429 3396 486 3475 his
514 3395 632 3475 verbis
660 3398 929 3478 concinnatum:
964 3403 1056 3478 «De
1083 3400 1141 3494 iia,
1173 3401 1235 3504 qui
1255 3425 1333 3477 rna-

165 3520 331 3599 trimonio
367 3521 479 3598 iuncti
516 3533 774 3601 convertuntur
801 3521 846 3600 ad
875 3522 993 3617 fidem,
1036 3523 1184 3624 coniuge
1213 3521 1330 3600 adhuc

152 3643 299 3722 inlideli
327 3657 571 3749 permanente,
604 3645 641 3722 in
669 3647 843 3750 superiori
878 3646 1031 3725 Concilio
1067 3645 1213 3751 provide
1245 3671 1332 3724 oon-

165 3769 298 3847 sultunr
325 3781 394 3862 est,
413 3781 455 3847 ut
469 3768 499 3846 si
528 3767 682 3846 infidelis
701 3769 846 3873 quidem
865 3795 963 3874 sporn
983 3763 1071 3848 sua'e
1090 3769 1332 3858 conversionis

164 3904 337 3970 rnaturaro
366 3891 545 3985 ostendat,
577 3891 796 3971 christianus
826 3893 924 3972 nullo
944 3891 1047 3972 rnodo
1067 3891 1112 3970 ad
1132 3893 1222 3970 alias
1238 3917 1331 3997 nup·

165 4018 231 4094 tias
259 4027 433 4108 transcat,
464 4014 762 4118 quemadnrodurn
789 4030 843 4094 est
871 4017 981 4095 sacris
1028 4016 1225 4096 canonibus
1266 4015 1330 4093 de-

232 4246 269 4318 ll)
288 4261 319 4301 n.
339 4250 384 4301 tl.
397 4275 416 4284 -
436 4245 561 4336 Sarncbez¹
580 4244 632 4301 lib.
653 4249 680 4302 7.
701 4244 777 4317 disp.
798 4251 842 4303 73.
863 4263 894 4302 n.
917 4251 960 4302 12.

233 4336 269 4407 (2)
289 4335 445 4393 clericatus
463 4337 510 4391 cit.
530 4334 613 4391 decis.
633 4349 665 4391 n.
685 4339 730 4392 24.

235 4427 270 4500 (3)
291 4430 324 4482 lu
343 4425 503 4497 appendice
521 4429 547 4480 9.
