3456 5300
828 449 985 516 ..aa-

320 577 532 656 clandestini
574 575 726 680 efficacia
767 577 811 655 ad
843 579 1132 683 impedimentum
1176 574 1406 680 gignendum,
1444 601 1486 653 ex

320 727 362 781 eo
389 700 484 806 quod
526 700 749 780 notissimum
793 702 854 796 sit,
901 701 1094 780 Ecclesiam
1124 727 1186 806 per
1215 700 1308 780 idem
1351 727 1490 780 sacrum

320 825 619 904 Paenitentiariae
649 823 806 903 tribunal
825 827 957 929 passim
985 823 1231 913 convalidare,
1252 851 1317 931 ope
1345 826 1492 931 dispen-

321 949 471 1028 sationis
514 946 552 1024 in
594 946 731 1033 radice,
761 949 988 1026 matrimonia
1029 949 1136 1028 etiam
1177 948 1315 1028 ciuilia.
1338 995 1362 1008 -
1382 952 1490 1054 Atqui

322 1075 530 1179 dispensare
548 1097 612 1150 seu
632 1097 759 1150 sanare
781 1073 948 1176 nequiret
967 1073 1125 1152 Ecclesia
1153 1074 1308 1176 coniugii
1331 1073 1488 1152 radicem

323 1226 387 1278 seu
416 1197 619 1276 naturalem
660 1223 881 1284 consensum,
923 1195 1139 1302 qui'saltem
1174 1197 1219 1276 ab
1248 1199 1351 1278 initio
1394 1198 1491 1278 haud

324 1337 477 1416 extaret,
508 1336 545 1402 et
573 1322 654 1420 nisi¹
671 1321 874 1399 huiusmodi
902 1322 1105 1400 coniunctio
1134 1302 1324 1425 coniugum
1344 1323 1490 1429 speciem

263 1469 266 1476 ’
326 1449 467 1528 liaberet
495 1447 729 1526 extrinsecam
758 1446 845 1525 insti
871 1447 1095 1525 matrimonii
1123 1447 1165 1525 de
1191 1448 1288 1552 (acto
1316 1447 1415 1534 initi,
1456 1463 1491 1528 et

325 1572 394 1650 nisi
413 1571 615 1651 coniunctio
634 1595 703 1647 non
722 1581 808 1647 esset
827 1570 1013 1674 manifeste
1030 1570 1247 1674 fornicaria,
1277 1585 1317 1650 ut
1331 1571 1375 1650 de
1394 1571 1493 1649 olan-

325 1697 476 1774 destinis
518 1693 655 1800 nuptiis
696 1694 798 1772 docet
827 1694 1042 1774 Benedictus
1084 1699 1186 1794 xlv3
1210 1697 1342 1775 -haec
1385 1697 1492 1800 igitur

327 1819 460 1914 omnia,
492 1843 585 1923 quae
613 1816 826 1896 clandestini
867 1818 1022 1921 coniugii
1051 1818 1194 1923 propria
1224 1833 1324 1915 sunt,
1348 1822 1386 1896 in
1412 1845 1490 1896 ma-

328 1942 493 2022 trimonio
530 1942 638 2019 etiam
675 1939 776 2018 civili
811 1942 981 2046 supponit
1018 1941 1175 2020 Ecclesia
1213 1942 1297 2020 dum
1331 1941 1416 2020 illud
1455 1941 1492 2019 in

327 2069 446 2149 radice
474 2080 591 2147 sanat.
615 2113 638 2126 -
658 2073 703 2145 nt
731 2080 865 2146 certum
893 2081 948 2146 est
976 2093 1018 2145 en
1048 2067 1277 2146 decretalium
1309 2069 1399 2162 iure,
1430 2093 1493 2173 per

328 2192 577 2273 Tridentinum
610 2188 728 2295 quoad
757 2190 824 2268 hoc
851 2215 923 2268 non
960 2192 1141 2284 innovato,
1173 2191 1257 2268 oriri
1295 2192 1494 2271 honestatis

331 2317 495 2424 publicae
524 2313 816 2418 impedimentum
845 2339 889 2391 en
925 2316 1149 2392 matrimonio
1177 2315 1283 2393 etiam
1321 2313 1490 2408 invalido,

332 2435 522 2517 dummodo
543 2436 739 2515 invalidum
758 2462 829 2514 non
848 2437 895 2514 sit
910 2463 953 2516 ex
974 2437 1113 2516 delectu
1129 2463 1345 2534 consensus;
1368 2483 1391 2498 -
1411 2463 1494 2542 ergo

330 2595 374 2646 ex
402 2565 628 2644 matrimonio
646 2562 748 2641 civili
770 2575 940 2667 tanquam
960 2589 1004 2641 ex
1023 2563 1240 2643 clandestino
1259 2566 1372 2644 oritur
1391 2565 1494 2644 iusti-

330 2693 401 2770 tiae
430 2690 595 2797 publicae
623 2689 820 2767 honestatis
853 2689 1157 2793 impedimentum.

411 2814 504 2892 Hinc
531 2815 560 2890 si
589 2796 704 2890 Titius
731 2836 789 2889 ex.
823 2838 876 2914 gr.
911 2813 1175 2891 matrimonium
1203 2813 1240 2891 in
1268 2813 1394 2891 faciem
1429 2817 1495 2890 Ec-

312 2937 458 3017 ·clesiae
495 2937 665 3030 initurus,
697 2935 786 3013 illud
815 2961 931 3014 curam
969 2936 1063 3014 civili
1091 2937 1304 3039 magistratu
1341 2936 1495 3015 celebret

330 3088 410 3140 cnm
438 3067 557 3156 Recta,
589 3087 681 3166 quac
708 3073 880 3165 paternae
909 3064 1076 3139 restituta
1104 3060 1224 3139 domui
1252 3062 1415 3154 moritur,
1438 3062 1496 3139 Ti-

331 3187 404 3263 tius
432 3209 504 3262 non
531 3196 665 3288 posset,
688 3185 789 3262 iuxta
824 3185 915 3262 hano
934 3185 1164 3279 sententiam,
1195 3188 1323 3264 Bartae
1342 3209 1496 3263 sororem

332 3307 476 3402 ducere,
508 3307 710 3409 refragante
737 3307 902 3412 publicae
930 3307 1128 3387 honestatis
1157 3306 1421 3413 impedimento.

416 3441 478 3512 10.
512 3432 622 3510 aliter
642 3445 760 3510 tamen
789 3431 993 3510 sentiebant
1012 3433 1195 3537 oppositae
1214 3437 1414 3513 sententiae
1433 3460 1496 3540 pa·

333 3558 443 3650 troni,
484 3567 751 3661 propugnantes
788 3579 831 3632 ex
860 3555 955 3634 civili
991 3557 1169 3659 coniugio,
1201 3558 1338 3636 nullum
1377 3559 1495 3636 enasci

332 3682 491 3762 iustitiae
501 3679 664 3786 publicae
684 3680 881 3759 honestatis
899 3679 1202 3785 impedimentum.
1221 3685 1361 3763 Potiora
1376 3698 1496 3763 autem

333 3805 379 3884 ab
407 3805 494 3910 ipsis
521 3803 599 3882 fuse
627 3803 836 3882 elucubrata
852 3804 1030 3884 rationum
1057 3821 1233 3888 momenta
1262 3811 1312 3888 ita
1340 3809 1496 3890 breviter

333 3927 463 4033 exponi
491 3941 655 4033 possunt.

411 4052 674 4131 Matrimonium
703 4052 805 4130 civile
834 4077 904 4130 nou
932 4054 1035 4133 aliter
1064 4057 1207 4159 gignere
1235 4070 1354 4161 posset
1391 4058 1497 4135 iusti·

332 4177 403 4255 tiae
431 4176 596 4281 publicae
625 4176 823 4256 honestatis
843 4177 1134 4283 impedimentum
1162 4183 1254 4260 inter
1273 4205 1384 4260 unum
1412 4206 1498 4260 eon·

333 4300 536 4379 trahentem
564 4313 600 4380 et
641 4301 789 4380 alterius
817 4303 1112 4406 consanguineos,
1148 4329 1256 4408 quam
1283 4303 1328 4382 ob
1370 4303 1495 4382 horum

333 4421 568 4502 alterutrum:
600 4425 663 4502 Vel
692 4449 818 4530 nempe
848 4433 882 4504 1⁸
911 4452 955 4506 ex
974 4452 1016 4506 eo
1042 4427 1137 4532 quod
1166 4429 1428 4508 matrimonium
1446 4428 1497 4508 ci·
