3446 5298
701 475 738 490 -
760 443 818 505 :tto
840 477 877 498 -.-

205 589 289 644 casu
318 567 372 644 vir
403 568 460 646 ius
498 567 607 648 babet
641 567 685 646 ad
727 567 911 646 mulierem
952 568 1020 646 sibi
1063 569 1363 675 desponsandam,

204 702 240 768 ct
266 690 395 770 mulier
424 705 567 772 tenetur
595 692 819 770 matrimonio
838 693 1053 771 consentire.

206 891 213 900 ,
283 818 332 892 ll.
353 819 476 919 Neque
492 816 587 896 bunc
603 829 745 921 raptum
761 815 949 909 verificari,
969 817 998 894 si
1015 817 1069 894 vir
1088 820 1165 896 sine
1181 817 1275 914 dolo,
1291 843 1371 898 mu·

203 937 324 1018 lierem
340 964 383 1018 er
399 939 562 1018 condicto
577 939 806 1034 abducatur
822 940 973 1044 eoquod
990 955 1168 1020 tractatus
1187 943 1231 1022 de
1246 945 1373 1023 matri·-

201 1062 320 1140 mouio
348 1088 391 1140 er
419 1078 609 1167 parentum
637 1063 859 1168 oppositione
888 1089 959 1142 non
984 1065 1168 1167 potuerint
1187 1065 1366 1144 concludi.

281 1189 349 1266 ΙΙΙ.
381 1189 504 1289 Neque
533 1187 706 1266 verilicari
735 1200 891 1290 raptum,
923 1187 953 1264 si
980 1211 1053 1264 non
1072 1187 1126 1266 vir
1152 1188 1215 1266 sed
1241 1189 1370 1268 mulier

203 1307 318 1386 virum
345 1308 605 1404 sollicitaverit,
636 1323 677 1388 ut
705 1309 750 1388 ab
778 1335 820 1388 eo
848 1310 1100 1388 abduceretur.
1133 1295 1174 1390 ln
1204 1312 1260 1390 bis
1279 1312 1367 1391 duo-

202 1428 271 1508 bus
298 1430 455 1525 casibus,
487 1431 637 1510 dicenda
666 1445 720 1510 est
748 1433 869 1536 potius
897 1432 979 1536 luga
999 1433 1160 1512 mulieris
1179 1435 1365 1528 cumviro,

203 1569 244 1632 ut
272 1554 419 1634 liberius
448 1555 711 1636 matrimonium
738 1557 968 1651 contrahant,
1000 1583 1108 1662 quam
1136 1571 1276 1662 raptus.

283 1684 343 1756 lv.
376 1684 404 1758 E
433 1694 557 1760 contra
585 1695 728 1785 raptum
756 1682 930 1760 verificari
960 1682 989 1760 si
1018 1682 1144 1760 mulier
1173 1680 1312 1759 insidiis
1331 1695 1367 1760 et

203 1801 333 1880 dolosis
361 1803 674 1884 sollicitationibus
702 1803 912 1884 meditantis
939 1805 1116 1910 rapinam,
1148 1804 1367 1902 abducatur,

202 1940 244 2006 ut
270 1926 399 2006 deinde
428 1927 495 2006 sub
524 1927 677 2032 raptoris
697 1928 835 2006 inlluru
864 1929 901 2005 in
933 1929 1198 2008 matrimonium
1218 1955 1369 2008 consen·

205 2050 272 2128 tire
299 2067 461 2152 cogatur.

283 2185 347 2254 23.
367 2176 471 2254 Hisce
483 2177 821 2256 omnibusaccurate
838 2175 1078 2281 perpensis,et
1093 2190 1232 2256 attento
1246 2177 1372 2256 decre-

202 2311 239 2376 to
254 2298 397 2377 Concilii
423 2297 621 2378 Tridentini
635 2327 718 2378 sess.
737 2307 800 2378 nt.
818 2325 848 2376 c.
869 2307 907 2378 6.
925 2297 966 2377 de
984 2301 1130 2404 reform.
1154 2311 1263 2378 ctotr.
1295 2325 1366 2377 non

200 2435 255 2500 est
284 2421 434 2500 dicenda
462 2421 587 2500 saltem
615 2437 694 2502 tuta
723 2449 845 2502 eorum
860 2424 1040 2502 sententia
1059 2423 1121 2526 qui
1142 2421 1271 2502 docent
1290 2421 1366 2499 sul-

200 2544 303 2622 ficere
331 2544 442 2622 colom
469 2546 643 2624 icimt'cm
659 2546 870 2650 parentibus
889 2547 1028 2650 puellae
1044 2547 1194 2641 illatam,
1228 2560 1268 2624 ut
1288 2571 1367 2623 mu-

198 2667 264 2746 lier
291 2667 432 2746 dicatur·
460 2684 577 2772 rapta.

278 2797 421 2898 Raptus
449 2793 543 2870 enim
581 2794 872 2898 impedimentum
904 2795 949 2872 ab
978 2794 1136 2872 Ecclesia
1176 2793 1364 2872 inductum

199 2929 353 2994 nonest
381 2916 425 2994 ad
455 2917 703 2996 coarctandam
732 2917 871 3020 puellae
900 2917 1103 2996 libertatem
1126 2917 1163 2994 in
1183 2917 1367 2994 matrimo-

199 3039 313 3134 nium,
345 3039 407 3117 sed
435 3040 506 3118 imo
525 3039 570 3118 ad
589 3039 793 3118 libertatem
809 3030 1041 3118 ¹matrimonii
1058 3054 1192 3118 sartam
1214 3053 1365 3118 tectam·

197 3189 267 3266 quc
296 3163 526 3260 servandam3
559 3164 685 3242 mulier
720 3163 813 3240 enim
842 3189 934 3268 quac
962 3164 1017 3242 vel
1050 3164 1097 3257 ri,
1129 3163 1185 3242 rel
1215 3162 1295 3240 dolo
1323 3164 1361 3242 in

198 3301 414 3392 potestatem
442 3288 654 3366 abducentis
682 3287 841 3384 devenit,
864 3290 1002 3390 cogitur
1017 3286 1063 3364 ad
1077 3286 1363 3365 contrahendum

198 3438 277 3492 cum
307 3413 371 3492 tali
400 3411 617 3507 abducente,
640 3425 677 3490 et
694 3411 773 3490 ideo
801 3425 1004 3490 coarctatur
1028 3411 1169 3514 puellae
1199 3411 1360 3489 libertas.

198 3537 355 3616 Ecclesia
384 3551 504 3616 autem
532 3561 625 3640 quae
662 3535 841 3614 libertatis
879 3535 1096 3614 matrimonii
1129 3534 1260 3612 vindex
1289 3549 1361 3630 est,

199 3661 366 3740 abhorret
395 3661 586 3755 omninno
624 3659 859 3738 matrimoniis
887 3660 953 3738 boc
988 3659 1110 3737 hostili
1148 3658 1252 3736 modo
1279 3683 1366 3736 oon-

199 3787 343 3864 tractis:
375 3800 411 3864 et
440 3785 518 3864 ideo
546 3783 699 3862 reddens
727 3783 881 3888 puellam
919 3781 1113 3862 inhabilem
1148 3781 1192 3860 ad
1221 3795 1368 3860 contra-

197 3907 354 3986 bendum
383 3933 462 3986 cum
492 3921 650 4011 raptore,
682 3906 793 3984 donec
821 3921 944 3986 manet
972 3906 1009 3984 in
1028 3905 1188 3984 eiusdem
1208 3905 1363 4009 raptoris

196 4046 390 4137 potestate,
431 4032 557 4134 erigit,
588 4056 657 4108 oon
694 4029 835 4135 quidem
868 4041 1060 4133 pareatum
1089 4055 1295 4106 consensum
1321 4043 1363 4107 ut

196 4169 299 4260 rapta
328 4181 407 4234 cum
435 4170 577 4258 raptore
605 4158 673 4232 rite
702 4153 912 4232 contrahere
941 4153 1068 4256 possit,
1086 4151 1149 4230 sed
1178 4151 1289 4253 erigit
1307 4175 1367 4229 so-

193 4280 370 4358 lummodo
400 4280 540 4384 puellae
569 4279 798 4372 libertatem,
829 4301 936 4380 quam
974 4275 1176 4354 libertatem
1214 4275 1358 4380 sapien-

198 4415 251 4480 ter
266 4403 460 4481 Concilium
477 4403 616 4508 puollae
632 4399 808 4479 redditam
823 4423 893 4478 non
908 4400 1064 4496 censuit,
1083 4399 1152 4478 nisi
1170 4425 1189 4475 a
1204 4411 1365 4504 potesta-

198 4539 231 4604 te
247 4529 403 4632 raptoris
417 4541 583 4632 separata
600 4526 637 4603 in
658 4526 732 4604 loco
749 4537 827 4602 tuto
842 4549 884 4601 ac
897 4522 1009 4602 libero
1024 4522 1222 4602 constituta
1237 4522 1361 4602 luerit.
