3424 5300
872 360 1048 422 -132-

397 498 470 570 sset
499 485 542 565 de
572 483 871 567 clandestinitatis
905 485 1157 591 impedimento
1185 485 1223 564 in
1252 486 1460 591 provinciali
1488 493 1551 594 Sy-

379 611 486 722 inodo
513 615 767 692 Maronitarum
796 609 988 690 Libanensi
1018 611 1102 687 anni
1134 618 1234 689 1736
1263 611 1413 690 sancito.
1446 617 1487 690 ln
1513 637 1552 690 aa

392 737 487 818 enim
516 735 670 842 syuodo,
703 735 800 814 nulla
828 736 922 814 lacta
950 734 1102 841 praelati
1122 733 1308 815 tridentini
1327 736 1459 817 decreti
1488 765 1555 842 pu-

387 863 590 956 blicatione,
614 886 678 940 nec
707 859 742 938 vi
769 861 928 940 eiusdem
952 859 1100 954 decreti,
1123 860 1348 940 decernitur:
1381 862 1554 941 Duodeci-

384 1013 480 1066 rnum
497 986 806 1091 (impedimentum
821 984 1028 1088 dirirnens):
1052 982 1203 1062 Nullum
1219 997 1270 1063 est
1284 986 1555 1066 matrimonium

380 1110 656 1196 clandestinum,
687 1108 775 1188 idest
804 1109 897 1214 quod
924 1107 1032 1186 alitor
1061 1109 1301 1196 contrabitur,
1322 1136 1429 1216 quom
1445 1137 1553 1216 prue-

381 1249 475 1316 seate
502 1235 657 1342 parocho
684 1232 741 1312 ocl
770 1233 949 1312 sacerdote
977 1232 1018 1310 de
1045 1235 1157 1339 ipsius
1181 1233 1331 1338 parocln'
1361 1233 1415 1312 ool
1446 1233 1553 1313 ordi-

380 1359 479 1438 narii
507 1357 649 1438 licentia
680 1369 714 1435 ot
741 1357 873 1438 duobus
894 1356 949 1436 acl
971 1357 1084 1436 tribus
1103 1357 1246 1436 testibus
1267 1359 1341 1462 (l).
1364 1403 1386 1418 -
1408 1365 1552 1438 Attum

380 1489 477 1570 illius
507 1485 639 1592 Synodi
668 1485 809 1564 decreta
840 1483 973 1564 luerint
1002 1485 1047 1563 ab
1077 1485 1274 1590 apostolica
1302 1485 1391 1564 Sede
1419 1485 1486 1564 rite
1512 1511 1552 1564 ac

339 1601 342 1615 '
379 1614 585 1692 solemniter
613 1610 818 1690 confirmata
839 1635 902 1714 per
927 1609 1222 1688 Constitutionem
1252 1609 1434 1690 Benedicti
1452 1615 1546 1704 XIV,

378 1762 471 1842 quaa
500 1735 625 1840 incipit
665 1731 869 1838 Simpularis
898 1740 970 1810 RR.
1006 1740 1100 1820 PP.‚
1130 1733 1337 1839 etquidem
1366 1735 1405 1812 lu
1432 1735 1551 1840 forma

381 1859 557 1965 specifica,
587 1873 628 1938 ut
657 1858 806 1936 cuilibet
835 1857 931 1934 illarn
964 1858 1264 1936 Constitutionem
1293 1859 1424 1962 legenti
1453 1871 1553 1964 pate-

381 1983 432 2061 bit
465 1983 522 2088 (ᾖ)
543 2008 607 2087 per
626 2007 667 2060 ea
687 2006 779 2086 quae
799 1981 892 2061 idern
911 1980 1074 2060 Pontifex
1095 1981 1197 2060 docet
1213 1982 1256 2062 de
1274 1971 1437 2089 specifica
1457 1989 1552 2062 eius·

380 2106 473 2188 modi
511 2105 779 2186 confirmatione
817 2103 892 2210 (3),
924 2105 1008 2184 hino
1036 2119 1071 2184 et
1106 2105 1326 2185 nobilissima
1359 2109 1551 2186 Maronita-

380 2257 458 2310 rum
487 2231 644 2310 Ecclesia
663 2243 699 2308 et
719 2229 797 2334 ipsa
818 2231 1010 2334 apostolica
1029 2229 1139 2308 Sedes
1159 2243 1297 2325 tenent,
1320 2231 1419 2310 nulla
1438 2245 1547 2338 atque

379 2358 480 2436 irrita
518 2381 595 2434 esse
633 2353 825 2449 connubia,
866 2379 958 2460 quae
987 2381 1007 2432 a
1035 2353 1202 2433 fidelibus
1240 2357 1547 2462 syro-nraronitiai

377 2480 469 2560 ritus
505 2479 609 2558 aliter
645 2477 927 2573 celebrarentur,
959 2503 1065 2582 quarn
1104 2495 1298 2584 praesente
1333 2479 1489 2585 parocho
1517 2495 1553 2560 et

379 2604 518 2684 duobus
547 2603 602 2682 vel
634 2601 750 2684 tribus
780 2603 948 2684 testibus.

460 2740 523 2808 at.
556 2729 608 2808 to
637 2716 772 2808 ceteras
801 2742 919 2808 autern
947 2729 1044 2834 quod
1063 2729 1193 2810 attinet
1209 2731 1409 2810 Orientales
1429 2733 1549 2811 Eccle-

379 2856 465 2951 sias,
484 2855 545 2935 ubi
561 2855 782 2960 publicatum
802 2879 873 2932 non
888 2868 943 2933 est
958 2853 1193 2933 tridentinum
1208 2855 1388 2934 decretum
1406 2887 1424 2930 ‹
1439 2857 1548 2964 probe

379 2979 633 3083 distinguenda
662 2993 730 3074 est,
764 2978 818 3058 uti
847 2979 971 3057 scribit
999 2981 1292 3088 Papp-Szil'agyi,
1319 2981 1550 3061 clandestini-

378 3118 434 3182 tas
462 3105 602 3208 antiqui
631 3103 719 3181 iuris
747 3130 766 3180 a
796 3101 1091 3182 clandestinitate
1110 3129 1174 3208 per
1190 3104 1383 3182 Concilium
1403 3105 1552 3184 Triden-

380 3231 493 3308 tinum
523 3255 705 3335 expressa,
738 3242 946 3334 certumque
975 3242 1043 3324 est,
1075 3231 1131 3307 ius
1160 3231 1331 3309 orientale
1351 3255 1422 3309 non
1442 3259 1552 3336 agno-

380 3351 477 3460 scere
493 3353 562 3432 nisi
577 3351 899 3432 claudestiuitotem
911 3354 1041 3432 octaris
1054 3353 1553 3462 iuris,videlicetprolu'bitlo·

381 3475 707 3556 aam'contrahendi
723 3478 989 3556 matrimonium
1004 3477 1139 3584 absque
1155 3478 1308 3584 publicis
1328 3481 1551 3560 caerimoniis

381 3604 425 3682 ab
454 3602 610 3681 Ecclesia
641 3625 702 3705 pra
731 3601 889 3679 eiusdem
917 3602 1159 3682 celebratione
1188 3605 1430 3711 praescriptis,
1457 3633 1553 3712 quae

421 3923 424 3930 Α
453 3851 487 3925 (ti
506 3851 638 3922 synodus
654 3853 856 3910 Maronitarum
870 3865 918 3908 an.
935 3857 1010 3922 titt,
1023 3859 1105 3926 part.
1118 3860 1145 3911 2.
1161 3853 1406 3924 desacrammtts,
1425 3870 1490 3928 cap.
1506 3862 1548 3927 tt·

378 3957 447 4015 pop.
469 3947 512 3996 79.
533 3940 601 3998 edit.
623 3942 727 3997 Romae
748 3947 826 4000 1820.

440 4029 485 4100 ‚til
505 4027 575 4084 Vide
596 4029 760 4099 praesertim
772 4027 802 4100 §.
818 4030 844 4084 9.
859 4029 939 4087 illius
958 4031 1171 4088 constitutionis
1183 4031 1212 4088 in
1223 4047 1280 4103 quo
1292 4031 1410 4103 legitur:
1423 4039 1546 4103 statuta,

380 4120 501 4187 decreta,
525 4118 727 4176 ordinationes
745 4127 770 4176 et
789 4134 911 4176 canones
936 4121 1100 4178 arroteritate
1127 4123 1279 4192 apostolica
1300 4130 1397 4180 tenore
1417 4137 1551 4194 praeseu-

380 4211 452 4266 tiunr
471 4207 680 4280 confirmamus
698 4215 725 4265 et
743 4209 953 4280 approbamus,
981 4209 1096 4280 illisque
1117 4207 1292 4266 inviolabilis
1311 4211 1482 4282 apostolicae
1500 4211 1551 4271 ar-

382 4300 496 4358 milatts
514 4299 608 4356 robae
626 4299 796 4356 adtiaimuc.

452 4392 487 4460 l3i
506 4391 648 4448 Benedici.
669 4392 729 4448 xlv
753 4389 989 4464 naupactum.
1014 4389 1065 4446 lib.
1088 4394 1131 4446 ta.
1153 4405 1214 4463 cap.
1235 4397 1261 4446 5.
1283 4407 1313 4446 a.
1335 4397 1378 4447 tt.
1477 4439 1480 4450 .
