3402 5292
653 523 689 538 -
711 492 768 554 337
791 527 827 540 -

152 627 209 692 tur
237 641 280 694 ex
308 643 387 722 cap.
416 616 635 722 proposuisti
664 625 700 710 l,
732 616 775 694 de
802 617 1004 722 probation.
1028 619 1059 696 si
1081 619 1238 698 mulieris
1258 647 1317 699 aa·

149 739 254 819 aedat
282 741 533 856 iuramentum.
565 745 731 820 Attamen
751 743 787 820 in
807 767 892 821 casu
918 741 1091 820 habemus
1127 755 1318 849 utrumque

151 864 335 966 coniugem
363 865 547 959 latentem,
580 891 691 944 unum
720 867 757 944 in
784 866 922 946 actione
951 867 1132 962 instituta,
1164 867 1317 947 alterum

153 984 189 1062 in
217 989 437 1067 contumacia
465 989 645 1069 obstinata
673 1003 815 1094 practer
843 991 1097 1096 praecedentes
1125 989 1316 1071 conlcssio-

152 1135 229 1190 nes.
261 1111 297 1190 Si
325 1113 420 1192 enirn
456 1128 646 1193 contumax
681 1114 785 1192 Caius
812 1139 914 1191 suam
951 1113 1114 1218 frigidam
1148 1129 1313 1195 naturam

154 1259 282 1338 negare
310 1239 499 1341 potuisset,
531 1263 594 1315 cnr
618 1263 685 1342 per
712 1249 846 1316 rectum
880 1239 1052 1316 iudicium
1082 1239 1119 1318 in
1151 1239 1318 1320 eeclesia-

154 1361 241 1439 stica
271 1362 374 1440 Curia
402 1363 621 1454 institutum,
654 1361 792 1466 sibique
835 1364 1041 1467 scrupulosa
1080 1363 1207 1442 iudicis
1235 1363 1318 1442 dili-

155 1484 273 1585 gentia
302 1485 571 1579 denunciatum,
603 1511 704 1564 snam
724 1511 827 1588 agere
848 1469 990 1564 calisam
1009 1489 1151 1568 omnino
1180 1489 1313 1584 renuit,

154 1619 190 1685 et
217 1621 406 1686 contumax
434 1608 612 1713 perstititl
641 1613 683 1687 In
712 1609 787 1686 viro
815 1609 1041 1716 insuperpro
1069 1613 1183 1715 ipsius
1202 1614 1316 1719 impo-

154 1731 267 1812 tentia
294 1733 534 1828 antecedenti,
567 1747 753 1838 perpetua,
790 1732 967 1830 absoluta,
1004 1735 1104 1838 signa
1137 1735 1317 1818 habentur

151 1855 331 1934 moraliter
358 1871 469 1951 certa,
501 1857 556 1934 vel
577 1882 723 1962 prorsus
742 1856 949 1936 verisimilia
969 1859 1094 1938 saltem
1113 1873 1222 1966 atque
1242 1887 1317 1940 mo

154 1978 257 2074 ralia,
289 2005 360 2058 non
388 2003 472 2058 vero
500 1977 623 2058 dubia.
655 1983 698 2058 ln
725 2005 835 2058 uxore
869 1993 987 2060 autem
1024 1983 1253 2065 cohabitante
1281 1997 1317 2065 et

154 2104 417 2184 condormiente
444 2130 523 2184 cum
557 2131 621 2184 suo
656 2105 745 2202 viro,
767 2107 1104 2196 continuomiennii
1137 2123 1310 2216 tempore,

155 2255 225 2308 non
252 2231 457 2308 verisimilia
485 2243 625 2308 tantum
653 2227 784 2309 indicia
799 2232 1071 2327 habemusssed
1092 2235 1208 2338 signa,
1231 2237 1318 2316 cha-

153 2367 323 2447 racteres,
359 2367 569 2456 argumenta
607 2355 766 2457 integrae
800 2381 885 2436 suae
923 2358 1139 2461 virginitatis
1172 2363 1316 2440 omnino

155 2479 316 2584 physica,
348 2478 542 2590 evidentia,
574 2493 684 2558 certa.

234 2611 298 2680 29.
329 2607 426 2692 Quae
454 2629 534 2682 curn
562 2603 611 2682 ita
640 2629 676 2682 se
706 2601 863 2684 habeant
892 2619 967 2684 tum
1005 2608 1042 2685 in
1069 2609 1147 2686 iure
1175 2623 1250 2688 tum
1278 2611 1315 2688 in

155 2725 259 2819 lacto,
291 2727 379 2804 satis
407 2751 585 2831 superque
613 2741 776 2806 constare
815 2727 957 2808 videtur
985 2730 1029 2808 de
1057 2729 1221 2810 absoluta
1249 2758 1318 2810 an-

157 2849 324 2928 tecedente
351 2874 392 2928 ac
423 2861 595 2956 perpetua
627 2849 774 2928 coeundi
824 2851 1033 2957 impotentia
1070 2854 1158 2947 Caii,
1197 2855 1247 2934 ita
1275 2871 1316 2936 ut

155 2972 199 3050 ad
230 2984 288 3050 1¹¹⁰·
317 2972 466 3052 dubium
498 2975 662 3078 superius
694 2975 914 3080 propositum
933 3019 957 3034 -
979 3007 997 3051 a
1022 2983 1076 3054 Aa
1109 2989 1241 3056 constet
1273 2979 1315 3059 de

157 3095 322 3176 nullitate
348 3097 571 3176 matrimonii
598 3098 636 3175 in
664 3123 748 3175 casu
771 3130 789 3172 ›
811 3143 835 3158 -
855 3099 1061 3204 responderi
1080 3113 1159 3179 tuto
1178 3117 1312 3207 posset,

155 3232 195 3298 ut
222 3235 327 3326 puto:
359 3222 594 3325 Affirmatioe
624 3221 864 3300 confirmando
893 3223 1106 3302 sententiam
1148 3225 1316 3304 ccclesia-

155 3343 265 3422 sticae
283 3340 423 3428 Curiae.
465 3345 533 3424 Sed
553 3344 598 3422 ad
617 3345 807 3441 cautelam,
826 3348 940 3425 satius
959 3360 1053 3426 esset
1077 3349 1311 3453 respondere:

154 3468 405 3548 Prouidebitur
432 3469 471 3546 in
491 3468 655 3554 secundo,
671 3467 733 3547 ubi
753 3471 964 3574 cuicumque
979 3469 1198 3569 difficultati,
1222 3496 1315 3577 quae

152 3587 269 3669 adhuc
287 3605 491 3698 superesset
509 3617 580 3697 quo
600 3591 644 3669 ad
660 3593 940 3698 perpetuitatem
960 3593 1188 3700 impotentiae
1223 3595 1312 3691 Caii,

154 3715 288 3795 occurri
322 3718 501 3797 commode
529 3729 658 3822 potest.

218 4508 355 4552 manserat.
373 4509 404 4552 lta
418 4507 613 4568 impedimentis.
