3406 5302
682 457 881 518 -211-

194 573 330 670 sinnas,
362 575 624 678 summissaque
639 589 756 654 tuma
784 575 950 681 partibus
969 588 1045 655 tum
1074 577 1119 656 ab
1148 575 1271 656 codem
1292 601 1368 654 ma-

196 694 352 774 trimonii
394 693 582 774 delensore
610 719 718 773 causa
761 693 945 774 definitivo
982 694 1189 774 dirimenda
1218 693 1364 790 indicio,

195 813 423 908 Ordinarius,
455 825 604 919 excepto
640 814 782 894 illorum
816 814 1119 919 iurisperitorum,
1151 815 1370 921 prudentum

195 959 236 1012 ac
263 937 375 1013 Deum
405 947 546 1014 tantum
566 959 652 1039 prae
680 934 795 1014 oculis
829 933 1041 1014 habentium
1060 948 1157 1030 voto,
1180 961 1272 1040 quos
1288 960 1373 1014 con·

194 1053 313 1133 sulere
327 1053 487 1148 duxerit,
512 1079 615 1134 suam
634 1055 671 1133 in
692 1055 835 1158 scriptis
854 1053 1009 1160 prolcret
1028 1055 1260 1150 sententiam,
1279 1082 1367 1162 qua,

162 1271 165 1280 ι
195 1174 318 1254 iudicii
347 1177 404 1254 sui
433 1174 634 1255 rationibus
649 1202 668 1254 e
682 1199 853 1281 processu
872 1201 936 1256 seu
956 1201 999 1254 er
1024 1175 1223 1256 visceribus
1241 1201 1372 1256 causae

196 1294 432 1401 depromptis,
455 1295 625 1374 distincte
653 1297 841 1401 expositu,
879 1295 1077 1376 declarabit
1104 1309 1372 1376 controversum

197 1416 402 1520 coniugium
422 1415 580 1495 validum
601 1415 712 1494 luisse
732 1415 788 1493 vel
808 1413 1022 1510 invalidum,
1046 1442 1110 1495 seu
1131 1429 1295 1496 constare
1315 1415 1372 1494 vel

198 1561 270 1616 non
298 1549 463 1615 constare
492 1535 536 1614 de
565 1535 732 1614 nullitate
761 1534 977 1612 matrimonii
1007 1535 1045 1614 in
1073 1561 1172 1614 casu.
1205 1533 1375 1614 Animad-

197 1657 411 1736 vertendum
439 1669 576 1752 aulem,
607 1654 705 1759 quod
734 1655 899 1759 quamvis
919 1653 1028 1732 iudex
1058 1667 1160 1734 extra
1189 1667 1303 1734 metas
1331 1654 1376 1732 li-

198 1776 283 1856 belli
314 1775 437 1878 vagari
465 1799 530 1854 seu
572 1774 730 1853 iudicare
775 1772 992 1878 repuleriter
1034 1799 1106 1852 non
1134 1773 1280 1870 debeat,
1311 1774 1374 1854 sed

197 1895 290 1975 lerre
333 1896 550 1975 sententiam
578 1894 855 2000 respondentem
899 1895 1029 1974 actoris
1057 1895 1248 2000 petitioni,
1281 1896 1374 1974 banc

199 2014 422 2094 admittendo
451 2016 507 2094 vel
536 2014 744 2110 reiiciendo,
768 2016 805 2092 in
833 2015 953 2094 causis
983 2028 1104 2095 tamen
1131 2015 1377 2094 matrimonia-

199 2137 310 2232 libus,
330 2138 384 2215 uti
399 2149 436 2215 et
447 2137 485 2214 in
501 2137 595 2232 aliia,
614 2137 652 2214 in
667 2136 801 2241 quibus
816 2137 956 2215 animae
976 2138 1174 2241 periculum
1196 2139 1371 2232 imminet,

201 2257 396 2351 sententia,
419 2271 461 2336 ut
480 2257 637 2336 evitetur
651 2269 853 2362 peccatum,
871 2255 1063 2335 secuudum
1078 2259 1264 2336 ueritatem
1283 2282 1377 2336 sem-

201 2403 265 2484 per
279 2377 427 2456 terenda
442 2390 512 2472 est,
530 2378 695 2483 quamvis
710 2378 841 2456 actoris
852 2376 973 2456 libello
983 2403 1055 2456 non
1066 2377 1282 2483 respondeat
1297 2377 1312 2483 (
1342 2375 1372 2481 ).

284 2507 321 2577 2.
354 2506 406 2576 De
432 2524 471 2576 rc
499 2496 676 2576 iudicata.
699 2501 749 2578 Ut
768 2524 810 2576 ea
831 2522 1090 2602 prosequamur
1109 2523 1202 2602 quae
1231 2496 1276 2576 de
1296 2520 1379 2575 sen-

203 2620 332 2712 tentia,
364 2645 402 2698 re
431 2618 590 2698 iudicata
619 2631 655 2697 et
691 2617 995 2724 appellationibus
1024 2617 1069 2696 ad
1098 2643 1226 2696 causas
1254 2618 1379 2696 matri-

202 2737 375 2817 moniales
404 2737 590 2832 attinent,
622 2736 757 2816 relictis
799 2737 927 2815 ceteris
956 2737 1122 2842 quaeda
1151 2736 1230 2816 aliis
1259 2737 1378 2816 causis

203 2857 438 2938 communiter
465 2881 507 2936 ac
534 2857 613 2936 luse
641 2883 662 2934 a
691 2856 909 2962 iurisperitis
928 2845 1124 2936 traduntur
1152 2855 1226 2961 (2),
1258 2856 1379 2962 inqui-

204 2979 355 3060 rendum
384 3003 430 3056 an
458 2991 495 3058 et
531 2977 688 3084 qualiter
716 2976 754 3054 in
797 2980 916 3056 causis
944 2977 1267 3057 matrimonialibus
1296 3002 1380 3056 sen-

206 3099 319 3180 tentia
348 3111 510 3178 transeat
538 3096 576 3175 io
604 3123 680 3176 rem
709 3095 920 3175 iudicatum.

285 3223 415 3324 Itaque
434 3217 668 3298 statuendum
679 3230 734 3296 est
749 3216 816 3296 hoc
835 3241 878 3295 ex
895 3217 972 3294 iure
987 3217 1226 3322 principium:
1252 3247 1270 3292 a
1291 3221 1380 3296 Sen-

206 3338 320 3418 tentia
349 3337 388 3416 in
416 3337 535 3416 causis
562 3336 607 3415 de
634 3335 855 3415 matrimonii
875 3335 1010 3432 valore,
1033 3363 1077 3416 er
1091 3339 1379 3442 quibuscumque

207 3455 727 3562 probationibusadhibitaque
743 3456 943 3558 diligentia,
962 3456 1008 3536 ab
1024 3457 1142 3537 iudice
1156 3459 1245 3554 lata,
1264 3484 1382 3563 quan·

208 3589 438 3682 tumcumque
466 3575 690 3673 confirmata,
722 3588 758 3655 et
790 3575 902 3682 elapsi
936 3577 1052 3657 dacem
1079 3577 1152 3658 dies
1182 3576 1227 3656 ad
1256 3577 1380 3683 appel-

207 3697 354 3778 landum
383 3697 459 3777 dati
501 3696 575 3804 (3),
608 3721 794 3803 nunquam
830 3699 961 3776 transit
989 3697 1027 3776 in
1064 3723 1138 3777 rem
1165 3697 1374 3790 iudicatam,

208 3819 271 3898 sed
300 3815 530 3898 retractanda
549 3831 605 3896 est
623 3817 765 3922 quoties
785 3830 1003 3922 compertum
1019 3817 1142 3914 luerit,
1161 3817 1377 3898 sententiam

262 4133 300 4204 (ll
320 4129 466 4190 ltoillenst.
490 4131 542 4188 lib.
560 4136 586 4189 l.
611 4131 660 4188 tit.
682 4133 727 4188 27.
748 4145 779 4188 u.
800 4135 845 4188 86.

262 4220 300 4294 (ll
319 4223 353 4277 ln
374 4219 426 4276 lib.
446 4223 473 4278 2.
494 4218 690 4278 decretalium
709 4219 758 4276 lit.
779 4225 823 4287 27,
847 4217 881 4276 da
897 4218 1045 4276 mutuatio
1074 4224 1100 4275 al
1121 4232 1152 4274 re
1169 4215 1313 4284 iudicato,
1340 4229 1374 4273 ac

209 4308 259 4368 lit.
272 4314 315 4378 28,
339 4310 373 4366 ala
391 4308 656 4380 appellationibus,
680 4306 919 4366 causationibus
936 4313 962 4364 ot
982 4305 1191 4364 relationibus.

265 4399 306 4472 (3)
324 4401 392 4469 cap.
412 4396 492 4470 quod
511 4396 551 4454 ad
570 4395 813 4456 caruullatiouuu
827 4401 880 4468 jo,
904 4393 938 4452 da
956 4394 1147 4465 aculeatiafal
1173 4407 1206 4452 re
1231 4391 1380 4458 iudicatu,

211 4485 336 4560 aliisque
355 4485 494 4544 Decretal.
508 4498 591 4557 capp.
604 4485 775 4544 -Benedict
795 4485 859 4542 xlv
883 4489 975 4542 const.
994 4483 1054 4542 'Dei
1072 4483 1264 4542 miseratione
1280 4481 1311 4554 S.
1331 4486 1386 4538 9.-
