3456 5300
731 455 885 517 ...63-

230 581 473 661 intercesserit
501 581 648 662 affectus
677 583 850 664 maritalis
878 611 949 662 una
978 610 1057 662 oum
1086 611 1254 663 consensu
1287 596 1395 664 natm

227 704 340 782 ruli»
382 705 441 810 (l)
480 721 588 812 atque
631 708 716 786 nnio
753 706 885 786 habeat
924 708 1203 788 ‹extrinsecam
1242 708 1395 812 speciem

227 831 313 908 insti
341 831 577 926 matrimonii,
619 857 734 936 neque
763 833 890 936 copula
919 831 1026 910 luerit
1055 831 1243 936 manifeste
1277 831 1396 936 forni-

228 957 369 1035 caria>
402 959 476 1060 (Ξ).

306 1087 382 1160 lam
411 1107 493 1162 vero
535 1082 799 1161 matrimonium
840 1081 961 1168 civile,
999 1082 1094 1187 quod
1122 1083 1215 1160 malo
1242 1081 1315 1162 lato
1357 1083 1395 1162 in

227 1232 364 1286 morum
384 1207 658 1286 christianorum
678 1207 813 1286 cladem
834 1209 908 1311 (3),
932 1206 1120 1309 impiorum
1135 1205 1312 1284 molimine
1333 1206 1393 1310 (i)

228 1329 360 1409 alicubi
389 1314 470 1409 oliin
499 1332 693 1425 invectum,
725 1357 766 1409 ac
793 1334 924 1410 nostris
952 1331 1053 1426 hisce,
1069 1329 1287 1436 temporibus
1321 1329 1393 1410 lere

228 1452 365 1558 ubique
394 1456 552 1557 gentium
580 1455 770 1550 sancitum,
802 1454 1108 1560 aequiparandum
1136 1479 1214 1533 esse
1248 1455 1394 1533 aiebant
1438 1475 1442 1488 ·

229 1575 449 1656 clandestino
476 1579 699 1659 matrimonio
735 1581 875 1683 quoties
903 1580 1155 1658 contrahentes
1183 1581 1238 1658 val
1276 1605 1393 1659 erroro

229 1700 342 1797 ducti,
374 1703 429 1780 rel
471 1702 509 1779 in
537 1717 695 1808 spretum
724 1703 1041 1783 ecclesiasticorum
1070 1728 1244 1781 canonum
1277 1703 1394 1781 animo

230 1839 405 1906 statutum
449 1827 620 1922 habeant,
665 1829 740 1908 solo
768 1844 850 1908 actu
878 1828 973 1908 civili
1007 1853 1090 1906 vere
1131 1827 1394 1908 matrimonium

228 1951 333 2028 inire.
365 1953 467 2031 Ultro
487 1953 580 2030 enim
609 1953 829 2048 latabantur,
853 1953 987 2030 nnllam
1006 1952 1222 2030 matrimonii
1241 1951 1395 2056 speciem

229 2077 438 2182 nullumque
459 2077 658 2156 naturalem
680 2076 725 2154 ad
753 2077 1016 2156 matrimonium
1036 2101 1246 2154 consensum
1269 2074 1393 2153 haberi

229 2201 259 2278 si
279 2201 533 2281 contrahentes
551 2201 641 2280 nihil
662 2201 760 2280 aliud
788 2201 920 2279 vellent
949 2225 990 2278 ac
1008 2199 1263 2302 intelligerent,
1286 2223 1394 2302 quam

229 2325 368 2402 civilem
387 2351 556 2430 peragere
575 2325 837 2404 caerimoniam.
861 2371 885 2384 -
904 2329 947 2402 ln
972 2323 1080 2429 priori
1100 2348 1184 2424 ergo
1202 2321 1394 2428 hypothesi

228 2451 491 2528 matrimonium
520 2449 622 2527 civile
642 2448 949 2553 aequiparandum
977 2461 1032 2526 est
1059 2446 1281 2526 clandestino
1310 2471 1395 2524 con-

229 2573 339 2676 iugio.
371 2577 414 2652 In
433 2572 534 2651 ciuili
552 2572 728 2677 siquidem
746 2572 888 2676 foedere
919 2585 1019 2651 extat
1039 2571 1150 2650 serias
1184 2570 1394 2650 contrahen-

230 2695 320 2774 tium
349 2696 528 2776 natnralis
557 2723 741 2806 consonans
769 2711 802 2775 et
832 2695 958 2802 species
986 2694 1210 2774 matrimonii
1229 2693 1271 2772 do
1297 2694 1393 2798 facto

228 2821 326 2908 initi,
356 2822 451 2928 quod
479 2822 620 2901 nemine
648 2821 850 2924 refragante
878 2821 1036 2899 validum
1063 2820 1208 2924 quidem
1236 2832 1291 2898 est
1328 2817 1391 2896 nbi

229 2946 466 3026 tridentinum
494 2947 538 3024 de
566 2946 856 3026 clandestinitate
885 2945 1066 3024 decretum
1094 2971 1165 3024 non
1194 2959 1249 3022 ast
1277 2943 1397 3048 publi-

230 3083 349 3150 catum
377 3073 433 3150 vel
461 3098 532 3152 non
570 3072 684 3174 viget;
715 3083 750 3150 et
778 3071 918 3149 irritum
959 3085 1014 3148 ost
1041 3069 1104 3148 nbi
1132 3072 1241 3172 viget.
1265 3073 1395 3145 -Cum

233 3195 341 3300 igitur
369 3195 632 3274 matrimonium
660 3195 762 3273 civile
792 3220 861 3271 non
890 3197 936 3272 sit
963 3194 1104 3271 irritum
1132 3217 1175 3270 ex
1218 3191 1394 3270 naturalis

232 3317 373 3398 delectu
400 3344 610 3414 consensus,
655 3317 717 3398 sed
746 3317 816 3396 alio
844 3345 889 3396 en
921 3317 1051 3422 capite,
1083 3315 1217 3394 scilicet
1245 3340 1288 3393 er
1330 3313 1395 3392 dc-

233 3440 327 3521 lectu
364 3443 494 3521 lormae
532 3441 577 3520 ah
614 3443 771 3520 Ecclesia
810 3441 1065 3546 praescriptae,
1110 3438 1194 3516 hinc
1230 3436 1394 3542 publicae

233 3565 431 3645 honestatis
459 3565 751 3672 impedimentum
779 3592 822 3644 en
850 3563 1022 3642 eiusmodi
1050 3561 1274 3640 matrimonio
1311 3562 1395 3638 oriri

232 3690 420 3770 dicendum
458 3704 525 3770 est.
548 3735 572 3750 -
600 3689 784 3795 Urgebant
813 3703 931 3768 antem
960 3701 1222 3791 argumentum,
1264 3697 1304 3763 ut
1332 3709 1395 3788 pro

302 3939 502 4009 lllltenadict.
521 3941 581 3995 IIII'
604 3945 716 4010 quaest.
735 3951 838 3994 canon.
860 3941 904 3992 74.
924 3935 953 4005 §.
975 3949 1106 4007 eamque.

304 4027 343 4098 (9)
363 4027 441 4084 Idem
461 4027 496 4082 de
515 4026 629 4096 synodo
649 4026 700 4082 aa
724 4031 766 4081 15.
787 4040 852 4096 cap.
872 4031 916 4080 21.
938 4041 968 4080 n.
990 4029 1016 4078 7.

304 4111 340 4186 (3]
360 4114 407 4170 Cir
434 4113 625 4172 doctissimam
651 4111 729 4169 Ssr'ni
757 4115 786 4167 u.
808 4115 840 4169 N.
862 4113 963 4168 Leonis
983 4114 1033 4168 PP.
1054 4112 1119 4167 IIIII
1145 4109 1293 4180 epistolam
1314 4121 1396 4176 ency-

236 4203 347 4271 clicam,
368 4217 441 4273 quae
461 4202 574 4273 incipit:
601 4206 754 4258 Arcanum
779 4201 897 4258 diuinae
921 4197 1083 4270 saptentiae
1106 4197 1273 4262 amicitiam,
1298 4193 1393 4250 datam

237 4290 282 4347 die
303 4290 492 4348 taracinam
512 4305 559 4346 an.
580 4290 660 4346 1880.

307 4377 347 4452 ll)
368 4379 438 4436 vide
457 4381 594 4436 Perrone:
615 4381 653 4434 De
670 4377 862 4436 matrimonio
875 4375 1039 4432 christiano
1053 4375 1104 4432 lib.
1122 4381 1146 4429 I.
1160 4379 1223 4431 aiot.
1244 4379 1270 4429 2.
1285 4385 1348 4444 cap.
1368 4376 1395 4424 2.

237 4468 270 4524 da
292 4467 483 4524 matrimonii
500 4466 598 4523 cicilia
615 4465 732 4537 micina
750 4471 775 4523 ot
791 4477 958 4536 progressu.
