3446 5298
854 459 1029 520 -111-

432 587 655 688 Quapropter
683 607 784 660 sacra
814 583 940 662 eadem
970 584 1202 684 Congregatio
1231 581 1434 688 huiusmodi
1464 607 1527 661 nc-

356 707 587 787 cessitatibus
606 733 790 786 occurrere
820 708 1050 814 percupiens‚
1088 707 1265 813 simulque
1302 705 1528 812 perpendens

355 829 392 907 in
413 829 549 908 dissitis
564 830 774 935 praesertim
794 831 1004 908 missionum
1024 831 1124 924 loeis,
1144 829 1401 908 ecclesiasticos
1421 832 1528 908 Prae-

357 951 453 1031 sides
482 953 692 1058 opportunis
720 951 870 1032 destltui
900 952 1085 1048 subsidiis,
1116 951 1249 1057 quibus
1286 977 1329 1031 ex
1358 951 1526 1056 gravibus

354 1073 628 1154 difficultatibus
666 1077 842 1156 extricare
869 1101 906 1154 se
945 1077 1102 1170 valeant,
1134 1100 1153 1154 e
1182 1100 1220 1154 re
1253 1060 1330 1154 esse
1367 1073 1521 1169 censuit,

354 1198 554 1278 uberiorem
584 1200 688 1278 edere
726 1201 1021 1295 Instructionem‚
1053 1201 1209 1305 inqua,
1240 1199 1304 1296 iis,
1334 1225 1427 1303 quae
1454 1200 1525 1276 iam

355 1321 489 1402 tradita
510 1335 614 1418 sunt3
637 1323 736 1402 nullo
757 1337 859 1430 pacto
878 1323 1073 1426 abrogatis,
1105 1323 1249 1426 regulae
1269 1322 1518 1425 indigitentur,

356 1470 447 1550 quas
476 1447 513 1524 in
542 1446 714 1525 eiusmodi
742 1447 886 1526 casibus
914 1447 1003 1525 haec
1022 1448 1099 1552 ipsa
1119 1473 1150 1524 s.
1168 1449 1400 1549 Congrcgatio
1424 1447 1526 1550 sequi

357 1570 461 1665 solet,
493 1585 534 1650 nt
563 1571 702 1649 illarum
737 1597 822 1677 ope,
856 1571 910 1652 vel
939 1571 1075 1675 absque
1113 1571 1325 1649 necessitate
1358 1594 1525 1648 recursus

357 1694 401 1772 ad
440 1707 598 1772 sanctam
628 1693 771 1788 Sedem,
802 1693 942 1799 possint
975 1693 1234 1788 iudicialem,
1266 1693 1322 1771 rel
1355 1705 1463 1786 certe,
1493 1693 1525 1770 si

357 1817 610 1895 recurrendum
639 1816 700 1910 sit,
732 1829 849 1894 status
882 1817 1103 1921 quaestionis
1135 1817 1185 1894 ita
1223 1815 1378 1894 dilucide
1415 1841 1526 1920 erpo-

356 1951 482 2032 natur,
514 1951 553 2016 ut
584 1937 745 2043 impediri
775 1939 924 2041 longiori
957 1965 1053 2017 mora
1092 1940 1271 2018 sententia
1289 1965 1360 2018 non
1380 1938 1523 2018 debeat.

359 2066 502 2166 Itaque:

440 2198 476 2264 1.
509 2191 594 2264 Cum
622 2187 666 2266 de
694 2189 854 2292 coniugis
883 2203 994 2268 morte
1022 2189 1186 2295 quaestio
1214 2189 1430 2282 instituitur,
1463 2213 1529 2265 no-

359 2309 507 2388 tandum
536 2311 649 2416 primo
678 2311 767 2406 loco,
798 2311 894 2416 quod
923 2328 1171 2416 argumentum
1192 2341 1211 2390 a
1232 2313 1306 2391 sola
1334 2313 1448 2417 ipsius
1462 2311 1529 2389 ab·

359 2435 475 2512 sentia
504 2447 793 2539 quantacumque
823 2435 960 2540 (lieeta
986 2436 1125 2538 legibus
1153 2434 1318 2514 civilibus
1346 2434 1417 2513 iere
1447 2433 1529 2512 ubi-

356 2581 427 2660 que
457 2556 685 2662 admittatur)
705 2559 851 2636 asaeris
879 2559 1082 2638 Canonibus
1111 2561 1253 2638 minime
1281 2559 1462 2638 sufficiens
1480 2557 1527 2634 ad

358 2684 487 2761 iustam
517 2683 763 2787 probationem
792 2685 960 2763 habetur.
991 2685 1094 2764 Unde
1123 2709 1175 2762 sa.
1208 2709 1276 2761 me.
1309 2683 1393 2760 Pius
1413 2685 1460 2760 Vl
1481 2679 1527 2758 ad

357 2805 669 2912 Archiepiscopum
698 2811 909 2911 Pragensem
938 2809 995 2887 die
1018 2819 1060 2888 11
1085 2808 1161 2886 iulii
1192 2815 1292 2886 1789
1327 2806 1524 2910 rescripsit,

359 2931 470 3008 solam
498 2931 659 3035 coniugis
695 2931 908 3027 absentiam,
944 2947 1052 3038 atque
1090 2931 1327 3010 omnimodum
1364 2929 1524 3008 eiusdem

356 3053 538 3132 silentium
567 3057 654 3132 solis
684 3068 934 3160 argumentum
963 3055 1178 3134 conesseod
1193 3068 1339 3134 mortem
1367 3077 1528 3158 compro-

356 3175 525 3271 bandam,
557 3190 706 3254 netum
744 3178 888 3283 quidem
917 3204 996 3256 cum
1025 3179 1141 3257 edicto
1172 3179 1270 3280 regio
1303 3177 1432 3256 coniux
1460 3175 1527 3255 ab·

357 3325 441 3378 sens
468 3313 639 3378 evocatus
667 3299 848 3406 (idemque
879 3325 983 3405 porro
1011 3300 1200 3380 dicendum
1228 3313 1282 3380 est
1310 3301 1339 3378 si
1368 3325 1432 3404 per
1449 3307 1529 3403 'pu-

358 3423 468 3502 blicas
497 3423 741 3528 ephemerides
761 3425 796 3503 id
813 3425 945 3504 laetum
965 3423 1029 3529 sit)
1049 3425 1187 3502 nullum
1206 3425 1336 3503 suimet
1355 3422 1526 3500 indicium

357 3546 510 3626 dederit.
527 3547 627 3637 Quod
641 3548 734 3626 eol-m
749 3573 818 3626 non
832 3547 1087 3654 comparuerit,
1097 3545 1188 3626 idem
1206 3548 1255 3625 ait
1266 3547 1441 3638 Pontifex,
1458 3569 1527 3621 noo

358 3671 470 3774 magis
499 3697 592 3748 mors
623 3679 662 3748 in
687 3699 795 3750 causo
823 3700 894 3751 esse
909 3672 1043 3778 potuit,
1064 3697 1171 3778 quom
1191 3671 1264 3750 clos
1284 3668 1523 3750 contumacia.

437 3803 475 3874 2.
508 3795 601 3872 Hinc
630 3794 675 3872 ad
704 3797 964 3901 praescriptum
992 3795 1193 3882 eorumdem
1213 3819 1394 3874 sacrorum
1414 3799 1529 3874 Cano-

356 3943 456 4013 num,
488 3917 743 3997 documentum
780 3921 1026 3999 authenticum
1055 3919 1174 3999 obitus
1211 3919 1373 4022 diligenti
1405 3917 1527 3997 studio

355 4045 494 4150 exquiri
514 4045 658 4123 omnino
676 4045 797 4141 debet;
820 4058 1004 4124 exaratum
1024 4044 1157 4122 scilicet
1177 4069 1220 4122 ex
1236 4044 1384 4147 regestis
1399 4065 1528 4147 paroe-

353 4171 428 4248 ciae
443 4169 498 4246 vel
512 4169 729 4248 Xenodocnii
747 4171 802 4248 vel
818 4169 965 4248 militiae
982 4168 1036 4247 vel
1052 4167 1174 4262 etiam,
1185 4168 1215 4246 si
1232 4167 1357 4246 haberi
1369 4177 1527 4270 nequeat

355 4292 401 4372 ab
429 4293 641 4371 auctoritate
670 4293 923 4386 ecclesiastica,
947 4319 966 4369 a
982 4291 1163 4370 Gubernio
1183 4293 1279 4370 civili
1298 4291 1365 4369 loci
1380 4291 1417 4368 in
1436 4314 1522 4395 quo,

355 4429 396 4494 ut
424 4416 652 4522 supponitur,
684 4443 836 4522 persona
865 4415 1008 4494 obierit.
