3446 5298
882 443 1057 505 -lltt-

392 591 485 642 mam
513 567 727 646 sententiam
756 571 970 648 matrimonii
1000 569 1200 648 nullitatem
1230 567 1495 662 decernentem,
1517 566 1564 644 ab

392 691 506 795 ipsius
533 691 752 770 matrimonii
781 692 968 774 deiensore
987 695 1284 800 interponendam
1305 719 1384 774 esse
1403 693 1565 798 appella-

394 814 540 910 tionem,
572 841 663 920 quae
692 815 722 894 si
751 815 939 896 deseratur
966 819 1011 896 ob
1040 817 1212 898 malitiam
1254 817 1310 897 vel
1338 816 1564 896 oscitantiam

393 937 451 1016 vel
478 938 706 1018 collusionem
744 938 955 1035 delensoriS,
991 941 1111 1042 isqui
1139 966 1183 1019 ex
1220 940 1448 1042 coniugibus,
1492 963 1565 1017 non

395 1060 559 1140 absoluto
587 1065 687 1166 prius
716 1087 779 1167 per
807 1063 898 1142 duas
925 1064 1125 1144 sententias
1154 1062 1301 1158 iudicio,
1333 1062 1479 1167 nuptias
1506 1087 1566 1142 ce-

395 1181 534 1263 lebrare
563 1211 673 1264 ausus
701 1184 824 1281 luerit,
855 1188 900 1266 iis
929 1188 1053 1294 poenis
1088 1188 1280 1292 plectatur,
1312 1210 1405 1290 quae
1434 1184 1563 1262 adver-

395 1333 457 1386 sus
485 1333 560 1405 eos,
590 1309 653 1416 qui
682 1311 947 1390 matrimonium
975 1325 1098 1390 contra
1127 1309 1356 1390 interdictum
1385 1309 1564 1388 Ecclesiae

338 1479 342 1488 -
394 1433 625 1526 contrahunt,
657 1446 814 1514 statutae
842 1449 942 1530 sunt,
964 1461 1005 1514 ac
1023 1434 1235 1540 praesertim
1255 1461 1275 1510 a
1295 1433 1563 1512 cohabitatione

395 1554 544 1660 alterius
572 1557 732 1660 coniugis
752 1571 953 1662 separetur,
975 1556 1094 1662 quoad
1123 1581 1237 1660 usque
1257 1556 1369 1634 altera
1384 1553 1565 1634 sententia

394 1681 641 1784 praecedentis
656 1682 917 1760 confirmatoria
931 1709 1040 1788 super
1055 1683 1219 1788 nullitate
1239 1681 1454 1762 matrimonii
1469 1706 1567 1760 ema-

396 1807 551 1886 naverit.
583 1812 680 1896 Quae
710 1808 884 1888 hactenns
912 1807 1161 1902 disseruimus
1193 1832 1235 1885 eo
1254 1807 1465 1913 praesertim
1484 1831 1564 1910 spe·

396 1946 510 2028 etant,
544 1946 583 2010 ut
611 1957 690 2012 cum
720 1933 764 2012 de
792 1933 1008 2011 matrimonii
1043 1957 1139 2012 nexu
1172 1931 1399 2011 dissolvendo
1427 1931 1561 2034 agitur,

395 2057 600 2162 posthabita
639 2057 873 2162 neglectaque
906 2056 1094 2136 acatholici
1127 2057 1327 2136 consistorii
1365 2055 1561 2148 sententia,

396 2181 667 2286 qualiscumque
696 2207 739 2260 ea
768 2181 890 2276 luerit,
922 2206 1053 2260 novum
1081 2193 1189 2285 atque
1213 2181 1391 2283 integrum
1420 2207 1441 2258 a
1470 2179 1566 2258 iudi-

396 2305 497 2383 cibus
535 2305 785 2385 ecclesiasticis
814 2307 880 2384 rite
919 2305 1088 2384 iudicium
1127 2309 1343 2388 instruatur.
1381 2329 1423 2382 ac
1454 2303 1566 2382 conli-

397 2428 528 2506 ciatur.

477 2557 640 2632 Praestat
669 2577 764 2630 nunc
793 2552 862 2630 alia
892 2551 1110 2656 perpendere
1146 2553 1398 2658 quaestionum
1427 2553 1561 2657 capita,

396 2701 487 2780 quae
509 2679 581 2756 tuis
596 2676 726 2755 litteris
746 2675 855 2754 Nobis
875 2676 1105 2780 proposuisti.
1128 2677 1332 2766 Quaerebas
1347 2677 1435 2782 quid
1455 2703 1565 2780 agou-

396 2797 481 2876 dum
509 2799 556 2878 sit
586 2827 606 2876 a
636 2799 800 2904 parochis
829 2797 1027 2894 catholicis,
1060 2824 1138 2878 cum
1174 2801 1304 2906 aliquis
1332 2827 1376 2880 err
1404 2801 1567 2903 coniugi-

395 2923 464 3002 bus
491 2947 555 3028 per
583 2925 796 3001 sententiam
825 2922 1026 3001 consistorii
1054 2923 1241 3003 acatholici
1261 2925 1436 3004 solutusa
1456 2925 1563 3030 priori

395 3046 636 3140 matrimonio,
667 3071 708 3124 ao
737 3071 822 3124 suae
860 3045 1019 3124 libertati
1056 3047 1263 3142 restitutus,
1300 3049 1330 3126 si
1359 3048 1445 3126 velit
1483 3073 1563 3126 cnm

295 3171 299 3181 '
396 3169 571 3250 catholico
599 3183 663 3248 aut
691 3169 866 3250 catholica
903 3169 1053 3263 nubere,
1086 3172 1198 3273 possit
1226 3195 1270 3248 ne
1300 3171 1477 3276 parochus
1507 3170 1564 3248 his

396 3294 534 3398 nuptiis
562 3293 730 3372 assistere
759 3307 795 3370 et
824 3291 1109 3372 benedictionem
1144 3293 1340 3398 nuptialem
1370 3293 1561 3398 impertiri,

300 3449 308 3468 ·
396 3415 492 3519 quod
521 3415 576 3492 bis
605 3428 784 3494 tentatum
812 3414 922 3492 luisse
951 3415 987 3492 in
1016 3428 1078 3495 tua
1108 3415 1261 3495 dioecesi
1289 3416 1489 3496 narrabasl
1519 3423 1564 3494 ht

397 3555 436 3620 tu
467 3540 541 3644 ipse
570 3565 626 3634 ea,
658 3565 728 3644 qua
767 3554 930 3642 praestas
963 3541 1162 3644 sapientia,
1194 3541 1313 3636 viden,
1346 3541 1563 3620 venerabilis

396 3669 535 3756 Frater,
567 3663 815 3766 gravissimum
848 3664 1096 3743 commissuros
1130 3665 1260 3759 scelus,
1297 3689 1473 3768 suumque
1506 3691 1565 3742 sa-

396 3815 496 3868 crum
524 3787 761 3866 ministerium
790 3787 996 3893 prodituros
1024 3813 1101 3868 esse
1122 3814 1183 3868 eos
1202 3788 1392 3893 parochos,
1415 3789 1477 3894 qni
1499 3788 1563 3866 has

350 3979 354 3988 .
395 3913 541 4017 nuptias
570 3938 634 3991 sua
664 3910 865 4016 praesentia
899 3910 1108 4016 probarent,
1144 3937 1280 4015 suaque
1314 3911 1563 3992 benedictione

395 4037 598 4116 firmarent:
631 4061 746 4140 neque
775 4038 869 4113 enim
897 4036 980 4114 illae
1008 4038 1154 4140 nuptiae
1180 4034 1352 4114 dicendae
1376 4048 1476 4128 sunt,
1501 4033 1562 4112 sed

395 4163 514 4267 potius
542 4160 745 4240 adulterina
774 4160 967 4239 connubia.
1000 4165 1139 4240 Perstat
1163 4163 1272 4256 euim,
1304 4160 1561 4264 immotumque

396 4299 516 4364 manet
544 4285 837 4390 impedimentum
865 4285 1041 4388 ligaminis
1057 4310 1101 4362 ex
1121 4284 1264 4363 vinculo
1291 4282 1420 4387 prioris
1440 4282 1563 4361 matri-

394 4411 517 4505 monii,
535 4407 631 4515 quod
652 4435 715 4514 per
730 4410 945 4488 sententiam
966 4407 1153 4489 acatholici
1174 4407 1375 4488 consistorii
1405 4406 1559 4486 relaxari
