3406 5302
856 492 894 510 ..
914 462 974 527 333
993 495 1031 512 -

364 580 441 660 1333
468 605 637 687 33333333
664 607 742 664 3333
769 599 936 666 censetur
953 587 1015 692 qui
1034 611 1106 666 non
1125 585 1227 668 adest
1245 585 1347 666 mado
1365 585 1520 664 humanu

363 703 565 808 intelligens
593 719 629 786 et
655 705 845 788 advertens
872 710 959 817 quid
987 724 1131 814 agatur:
1162 709 1333 816 probatur
1352 707 1378 786 l.
1401 734 1520 788 carum

369 828 459 908 Titio
487 838 577 912 209.
607 829 706 938 333
733 837 776 914 V.
809 839 845 914 S.
879 835 1002 916 ‹ihi›
1036 843 1163 916 Corum
1195 835 1285 914 Titio
1298 833 1439 941 aliquid
1465 834 1523 940 (u-

365 978 440 1032 cere
467 952 600 1042 iussus,
629 981 698 1035 333
725 957 866 1038 uidetur
891 971 1077 1066 praesente
1103 987 1141 1040 eo
1167 954 1396 1065 [3313331331
1422 957 1452 1035 is
1468 956 1524 1034 in-

366 1076 517 1184 13111331.
534 1083 579 1159 Et
594 1081 822 1162 mnfirmatur
836 1088 1013 1190 expressis
1027 1085 1146 1166 verbis
1157 1084 1353 1164 Tridentini
1367 1089 1519 1162 333321.

364 1229 443 1310 cup.
477 1213 513 1283 1.
543 1205 586 1285 de
612 1207 723 1311 resur.
744 1220 854 1288 matr.
887 1210 1020 1290 ‹ibi›
1052 1209 1248 1297 Parasitus,
1281 1210 1359 1288 airu
1385 1219 1419 1286 et
1444 1231 1523 1284 mu·

364 1325 448 1408 licre
475 1327 721 1435 interroputis,
758 1343 937 1412 eteorum
974 1345 1098 1412 333133
1128 1359 1295 1414 censensu
1331 1329 1520 1416 intellecta,

364 1451 419 1534 uel
445 1452 541 1532 dicct
574 1466 638 1534 etc.
670 1460 762 1559 Ergo
794 1457 990 1562 requiritur
1023 1458 1225 1564 praesentia
1258 1457 1414 1536 humana
1441 1479 1519 1534 curn

364 1577 602 1658 advertentis.
625 1623 649 1640 -
668 1579 753 1660 Iden
780 1581 926 1689 insuper
953 1582 1199 1664 Tridentinum
1227 1583 1351 1686 exigit,
1381 1580 1521 1660 decretu

366 1704 545 1799 irritante,
576 1703 815 1784 assistentiam
842 1707 988 1812 parochi
1007 1721 1042 1788 et
1062 1711 1220 1802 testium,
1243 1720 1284 1786 ut
1302 1717 1438 1784 constet
1457 1708 1522 1784 Ec·

367 1825 495 1906 etesiae
522 1825 566 1906 de
593 1827 818 1908 matrimonio
846 1843 1042 1926 contractu,
1072 1829 1188 1934 deque
1208 1854 1249 1910 en
1269 1827 1452 1910 testificari
1473 1827 1522 1906 illi

364 1963 513 2056 queant,
544 1974 589 2030 ne
617 1952 760 2034 rivents
786 1955 900 2058 prima
928 1979 1052 2050 33333,
1084 1954 1214 2059 3113313
1249 1955 1362 2060 possit
1395 1951 1522 2032 ducere

367 2073 574 2155 secundam.
605 2079 714 2180 11331
741 2077 787 2156 ad
824 2078 1027 2158 huiusmodi
1064 2077 1305 2158 testimonium
1340 2074 1522 2156 ferendum

364 2200 604 2282 necessarium
632 2201 775 2280 omnino
803 2216 871 2298 est,
903 2202 953 2282 ita
981 2228 1041 2282 eus
1068 2217 1275 2308 praesentes
1295 2227 1387 2292 esse,
1410 2215 1452 2281 ut
1470 2203 1524 2278 in-

364 2323 528 2428 telligant
555 2337 591 2404 et
618 2322 807 2405 advertant
834 2324 921 2431 quid
940 2340 1081 2429 agatur.
1100 2329 1144 2406 Et
1163 2326 1288 2406 saltem
1307 2349 1450 2406 necesse
1469 2338 1522 2404 est

363 2461 406 2528 ut
433 2446 610 2553 parochus
637 2473 679 2526 ac
706 2461 817 2528 testes
836 2449 955 2555 aliquo
974 2475 1082 2530 sensu
1095 2450 1294 2556 percipiant
1313 2475 1522 2530 consensum

367 2572 669 2668 contrahentium,
700 2587 741 2653 ut
769 2574 799 2653 si
826 2599 897 2654 nun
925 2572 1074 2653 audiant
1093 2575 1215 2670 rerba,
1233 2573 1377 2654 videant
1405 2588 1523 2654 tamen

365 2701 467 2803 signa
494 2699 610 2777 mutui
637 2721 845 2778 consensus.
877 2703 932 2777 lta
961 2699 1118 2778 Sanchez
1145 2698 1389 2803 (3333133.
1413 2708 1522 2778 39.c

368 2847 468 2902 uum.
502 2833 519 2902 1
553 2821 597 2900 ad
627 2821 685 2924 6),
713 2821 860 2926 Pirhing
887 2819 1295 2927 pinnatarum.
1327 2823 1525 2927 121133-

367 2947 489 3028 renius
516 2944 610 3050 (aad.
642 2946 699 3024 tit.
732 2957 869 3051 quaest.
903 2955 992 3026 153.
1024 2971 1124 3026 uum.
1157 2947 1198 3050 1)
1225 2972 1304 3027 cum
1333 2949 1521 3026 cummuni.

446 3080 510 3152 20.
542 3071 650 3175 Atqui
678 3094 743 3150 nec
771 3070 949 3176 parochus
976 3095 1042 3150 nec
1069 3084 1180 3152 testes
1213 3074 1251 3152 in
1286 3071 1443 3152 themate
1471 3085 1525 3152 te-

367 3197 513 3278 stificari
541 3195 720 3276 Ecclesiae
756 3209 921 3302 possunt,
953 3223 990 3278 se
1022 3223 1233 3278 consensum
1270 3195 1315 3276 ad
1343 3198 1524 3278 matrimu-

365 3322 466 3402 nium
494 3321 693 3427 percepisse
726 3321 800 3400 sire
832 3347 896 3426 per
928 3321 1035 3402 uerba
1071 3323 1145 3402 sive
1173 3348 1236 3428 per
1267 3321 1370 3427 31333
1406 3321 1524 3427 311333

366 3458 463 3528 certa
490 3471 531 3526 33
562 3444 732 3552 explicite
766 3448 897 3526 aCaia
933 3447 1065 3526 directe
1095 3471 1315 3554 expressum.
1356 3451 1435 3526 Nun
1462 3470 1549 3552 per¹

367 3573 475 3652 rerba
503 3595 595 3676 quae
623 3595 726 3652 nemu
753 3595 875 3654 eurum
911 3569 1035 3652 audire
1068 3574 1199 3679 putuit,
1234 3573 1366 3678 quippe
1394 3597 1414 3649 a
1442 3571 1524 3650 Gaia

366 3723 439 3781 nun
464 3697 620 3804 prolata3
638 3721 710 3778 nun
724 3721 787 3804 per
801 3696 967 3803 explicita
982 3700 1097 3802 signa,
1119 3699 1264 3803 331333
1284 3721 1386 3812 nemu
1401 3719 1523 3776 eurum

367 3823 487 3928 311333
514 3845 621 3901 33333
648 3823 846 3928 percepisse
877 3835 1029 3902 testatur
1048 3823 1165 3929 (num.
1188 3830 1233 3901 18
1251 3819 1404 3928 praec).
1427 3820 1526 3900 Licet

368 3929 526 4028 enimin
554 3946 791 4028 eudeiecerit
827 3946 934 4027 iudex
971 3945 1176 4043 instructor,
1212 3945 1308 4052 quud
1341 3971 1385 4025 33
1412 3944 1526 4026 3111313

366 4097 439 4154 333
466 4071 737 4177 interrogaverit
764 4097 911 4178 sponsus
940 4097 981 4152 33
999 4085 1109 4152 testes
1123 4098 1170 4152 an
1189 4071 1271 4152 Caia
1291 4071 1416 4150 saltem
1436 4081 1527 4148 nutu

367 4197 488 4304 aliquo
514 4210 662 4280 externo
689 4222 900 4278 consensum
927 4197 1156 4304 expresserit,
1187 4223 1234 4278 33
1261 4221 1344 4276 3333
1371 4195 1527 4299 denega-

365 4322 476 4420 verit;
508 4337 627 4404 tamen
655 4349 720 4403 nec
746 4349 841 4404 unns
869 4347 990 4403 eorum
1017 4324 1080 4429 331
1098 4325 1137 4402 13
1155 4321 1285 4402 iudicia
1305 4321 1428 4400 testati
1448 4321 1526 4400 133-

365 4457 451 4528 runt
476 4443 521 4529 de
549 4447 652 4528 Gaiae
678 4471 867 4544 consensu,
898 4445 1017 4528 innuit
1034 4445 1079 4526 ad
1098 4457 1195 4528 certa
1212 4461 1249 4527 et
1268 4443 1440 4551 explicite
1458 4469 1524 4526 sen
