3424 5300
661 413 835 476 -157-

165 539 241 619 sine
270 539 339 618 fide
375 538 548 618 alterutro
578 538 679 618 modo
707 539 791 618 data
829 539 902 644 (1).
927 543 1066 618 -Haec
1105 553 1224 619 autem
1253 565 1334 645 pro·
1361 555 1381 625 .'

164 665 285 744 missio
313 663 420 744 debet
447 689 645 752 assevero,
665 677 815 744 caterno
844 677 879 776 et
908 663 953 743 ab
968 665 1080 744 altera
1096 679 1197 770 parte
1213 676 1341 772 accep-t

165 805 260 880 tarra,
289 817 392 872 secus
420 815 491 868 non
520 803 614 870 esset
642 789 843 887 conventio,
875 789 1039 896 quamvis
1068 789 1192 870 illicita
1221 805 1256 870 et
1285 791 1334 870 ir-

165 917 236 996 rita
266 919 340 1023 (2),
373 941 489 1022 nequo
517 915 626 996 huius
654 915 896 1022 impedimenti
925 917 1015 995 ratio
1043 929 1187 1018 urgeret
1215 917 1230 1021 (
1260 915 1289 1022 ).

248 1040 364 1120 Tertio
391 1040 599 1146 requiritur,
623 1053 665 1120 ut
684 1039 898 1120 adulterium
927 1040 1182 1133 committatur,
1205 1053 1241 1120 et
1259 1067 1336 1118 ma-

167 1167 371 1246 trimonium
398 1165 442 1244 de
470 1165 651 1271 praesenti
679 1179 878 1246 attentetur
906 1179 969 1245 ant
993 1167 1223 1272 promittatur
1250 1191 1334 1244 coc-

165 1301 281 1368 stoato
309 1288 425 1368 codem
454 1287 611 1392 lepitimo
638 1286 812 1392 centuplo.
831 1287 972 1368 Scilicet
1001 1302 1076 1367 turn
1100 1287 1329 1369 adulterium.

167 1428 242 1492 turn
271 1412 486 1492 matrimonii
514 1412 698 1518 promissio
727 1413 782 1490 vel
812 1411 878 1492 hoc
906 1423 1123 1526 attentatum
1152 1409 1276 1490 cedere
1297 1412 1333 1488 in

166 1539 332 1618 iniuriam
360 1537 494 1618 debent
530 1537 637 1618 unius
670 1537 901 1644 eiusdemque
930 1537 1105 1642 coniugis.
1141 1535 1183 1614 Id
1213 1549 1331 1616 autem

167 1691 237 1744 non
273 1665 496 1768 contingeret
523 1663 554 1743 si
587 1667 700 1744 Titius
727 1690 761 1742 e.
802 1691 855 1766 gr.
890 1665 1033 1744 vivente
1070 1665 1183 1770 prima
1223 1687 1331 1740 uxore

166 1790 388 1892 promitteret
417 1789 679 1870 matrimonium
707 1791 853 1886 Bartae3
884 1813 965 1868 cunt
984 1788 1108 1868 eadem
1129 1813 1211 1867 vero
1231 1785 1334 1866 adul-

167 1913 294 1992 terium
322 1927 496 2019 patraret,
519 1913 664 2021 quaudo
682 1927 763 2020 post
777 1915 912 2020 primae
932 1917 1053 1995 uxoris
1068 1925 1215 1992 mortem
1235 1916 1334 1992 Sent-

166 2039 324 2144 proniam
360 2039 538 2119 duxisset.
570 2043 646 2119 Hoc
682 2039 802 2144 itaque
838 2065 923 2118 casu
961 2040 1088 2134 Titius,
1129 2051 1266 2116 mortua
1296 2051 1331 2114 et

167 2165 278 2244 altera
305 2191 370 2244 sna
399 2191 508 2246 urere
537 2167 758 2270 Sempronia,
790 2179 910 2272 posset
924 2189 1069 2242 uxorem
1089 2162 1219 2242 ducere
1246 2165 1332 2240 Ber-

168 2301 238 2368 tam
266 2288 336 2368 iam
365 2287 421 2368 sui
450 2289 653 2397 complicem
681 2289 847 2369 adulterii
883 2291 896 2392 (
927 2287 956 2394 ).

685 2562 724 2660 s.
756 2569 794 2637 ε.

310 2777 365 2848 Aa
392 2781 426 2848 et
453 2769 594 2876 quaudo
621 2769 772 2849 dirimat
801 2769 1030 2850 hoocioidium
1058 2771 1184 2852 solam.

246 3027 284 3096 3.
317 3017 458 3097 Dirimit
485 3016 678 3124 aliquando
707 3018 932 3100 homicidium
972 3021 1100 3102 solum.
1132 3027 1261 3102 Verum
1289 3037 1330 3100 nt

166 3167 210 3222 cx
240 3141 441 3238 homicidio,
473 3141 609 3248 absque
636 3141 825 3240 adulterio,
857 3145 993 3224 oriatur
1021 3145 1325 3253 impedimentum,

166 3267 273 3344 etiam
302 3278 374 3344 tres
402 3267 636 3371 requiruntur
663 3265 898 3364 conditiones,
930 3270 1082 3350 scilicet:
1155 3292 1165 3318 ·

247 3389 370 3467 Primo
397 3391 592 3494 requiritur
619 3403 745 3470 mutuo
772 3393 1005 3498 conspiratio,
1027 3396 1132 3493 idest,
1156 3412 1196 3477 nt
1223 3411 1323 3476 uter-

166 3539 235 3619 que
263 3539 398 3610 corum,
429 3516 492 3621 qui
520 3517 728 3598 contrahere
748 3519 873 3598 volunt
891 3521 1155 3601 matrimonium
1175 3537 1256 3630 post
1274 3523 1330 3601 in-

167 3641 327 3718 nocentis
354 3639 513 3744 coniugis
541 3655 703 3736 mortem,
735 3643 927 3723 machinati
956 3646 1028 3726 sint
1049 3662 1085 3728 et
1104 3651 1345 3756 conspirare·

168 3763 240 3842 rint
267 3763 304 3842 in
333 3763 440 3844 huius
468 3763 628 3867 coniugis
656 3764 814 3863 caedem,
846 3769 899 3847 uti
928 3783 1067 3851 constat
1096 3797 1137 3850 er
1159 3772 1327 3852 decretali

238 4067 277 4146 (l)
296 4070 421 4130 sanchez
440 4070 489 4130 100.
509 4071 560 4130 ott.
579 4087 610 4128 n.
630 4077 656 4126 2.
677 4085 744 4128 cnm
763 4073 922 4132 communi.

239 4159 272 4229 2)
291 4159 338 4217 Clr
357 4161 530 4218 Laurentum
552 4157 603 4217 tro.
625 4165 650 4214 t.
672 4159 719 4218 tic.
741 4165 768 4219 7.
788 4169 899 4236 quaest.
922 4169 984 4221 487.

238 4247 272 4320 (3)
292 4247 340 4306 Clr
358 4247 480 4306 eundem
500 4249 671 4306 Laurentum
690 4247 765 4306 tuto.
786 4258 898 4324 quaeat.
923 4257 983 4310 186.

237 4335 277 4409 (4)
296 4337 364 4394 Vide
383 4339 507 4396 rationes
527 4353 598 4410 quas
617 4339 652 4396 ad
673 4354 733 4396 rem
752 4337 875 4400 atterunt
895 4344 1031 4416 Layman,
1046 4345 1182 4416 Sanchez,
1200 4345 1327 4417 ricuino,

167 4422 292 4494 sylvius,
314 4429 397 4484 sotus
417 4428 492 4486 citati
513 4444 527 4486 a
548 4428 687 4486 Lenrenio
709 4425 760 4485 lib.
782 4433 808 4486 4.
829 4429 875 4488 stt.
897 4435 921 4487 7.
944 4441 1052 4506 quaeat.
1078 4441 1137 4492 184.
