3446 5298
714 403 747 412 —
772 366 886 430 437-

391 490 443 560 10
468 496 506 560 01
530 492 668 582 quando
692 490 876 560 vinculum
900 492 1052 582 coniugii
1078 495 1297 582 1010110011-

346 607 419 668 tate
443 601 619 670 contracti
643 600 832 668 dirimatur
856 597 1151 690 per'alterutrius
1175 605 1295 671 eoniu-

346 705 397 793 gis
420 705 462 773 ad
487 706 617 776 Christi
643 705 746 776 fidem
771 710 1035 775 conversionem
1100 759 1107 773 .
1159 759 1166 774 .
1205 729 1291 798 pop.
1321 713 1384 778 101

390 816 439 880 De
452 814 610 902 coniugis
624 813 786 882 conversi
802 812 1016 899 obligatione
1033 814 1296 900 interpellandi

344 918 499 988 alterum
524 919 707 1008 coniugem
731 919 768 987 in
792 920 1008 1006 infidelitate
1030 927 1237 988 manentem
1277 950 1293 986 a
1324 925 1386 990 100

390 1025 534 1106 Quando
558 1024 750 1115 apostoliea
774 1025 878 1094 Sedes
902 1026 950 1094 sit
974 1025 1133 1094 adeunda
1157 1048 1219 1116 pro
1244 1027 1293 1095 di-

347 1134 573 1221 spensatione
597 1133 641 1201 ab
666 1132 954 1221 interpellatione
1018 1183 1025 1198 .
1077 1183 1083 1198 .
1158 1184 1165 1198 .
1218 1186 1224 1199 .
1274 1139 1383 1202 »108

391 1238 479 1320 Quid
503 1238 677 1327 agendum
700 1237 839 1327 quando
863 1237 992 1306 coniux
1017 1237 1060 1306 ad
1083 1235 1189 1306 iidem
1214 1258 1295 1307 eon·

347 1363 473 1414 versus
496 1345 723 1434 interpellare
740 1345 894 1412 alterum
912 1344 1054 1434 nequit,
1073 1345 1131 1414 vel
1147 1345 1229 1434 quia
1247 1346 1297 1414 in·
1423 1377 1424 1384 ¹

348 1447 460 1518 tidelis
484 1472 553 1519 non
575 1455 694 1541 potest
711 1451 817 1534 adiri,
835 1489 856 1500 -
873 1451 930 1520 rel
953 1451 1036 1539 quia
1054 1471 1124 1520 non
1140 1455 1296 1536 constat,

311 1607 314 1615 .
347 1575 521 1645 quaenam
539 1579 582 1626 ex
598 1558 757 1648 pluribus
773 1557 931 1646 personis
953 1555 999 1625 sit
1017 1557 1295 1646 interpellanda;

346 1667 472 1730 -etan
485 1662 581 1731 hisee
594 1662 630 1730 in
644 1661 783 1731 casibus
795 1661 987 1752 apostoliea
1001 1661 1103 1730 Sedes
1116 1661 1299 1752 dispenset

347 1768 391 1836 ab
408 1769 709 1858 interpellatione,
734 1769 792 1837 rel
817 1769 935 1858 potius
959 1769 1111 1858 primum
1127 1769 1298 1838 dissolvat

347 1873 505 1944 validum
522 1876 723 1964 coniugium
745 1876 781 1943 in
799 1874 1010 1944 infidelitate
1027 1881 1253 1944 eontraetum
1278 1903 1294 1939 n
1325 1879 1386 1943 100

394 1982 480 2048 Cum
504 1980 655 2050 infidelis
674 1985 798 2070 potest
822 1981 1054 2072 interpellari,
1080 1981 1122 2048 de
1138 2001 1206 2070 quo
1222 1999 1294 2049 mo-

349 2085 424 2152 neri
449 2107 490 2155 ae
513 2087 732 2178 interpellari
756 2087 906 2174 debent;
932 2091 1014 2154 -et
1038 2086 1075 2154 in
1099 2106 1201 2168 cusu,
1227 2105 1297 2174 quo

352 2191 443 2260 nolit
459 2194 643 2278 conuerti,
670 2199 709 2261 at
737 2193 828 2262 velit
856 2192 1017 2262 habitare
1047 2190 1192 2279 pacifice
1216 2211 1298 2260 eum

278 2357 280 2360 .
350 2317 520 2366 converso
545 2299 620 2368 sinu
644 2299 860 2368 contumelia
885 2299 1078 2382 Creatoris,
1112 2318 1157 2394 an
1189 2297 1297 2366 liceat

349 2423 519 2473 converso
544 2403 720 2474 inlidelem
743 2405 920 2490 deserere,
946 2409 985 2474 et
1008 2404 1096 2472 alias
1120 2403 1208 2472 inire
1234 2423 1296 2471 nu-

348 2507 441 2596 ptias
465 2529 545 2578 oum
569 2510 664 2579 fideli
685 2559 1222 2578 ..........
1273 2535 1289 2570 a
1321 2511 1383 2574 110

392 2612 445 2680 An
477 2619 514 2682 et
544 2617 684 2703 quando
716 2616 845 2684 coniux
878 2614 991 2683 srdelis
1021 2613 1188 2682 habitans
1216 2631 1297 2679 oum

347 2718 493 2808 coniuge
517 2720 651 2789 infideli
675 2721 790 2790 adhue
814 2721 868 2790 uti
892 2719 1003 2809 possit
1028 2717 1211 2808 privilegio
1235 2737 1297 2806 per

348 2824 554 2914 Apostolum
581 2828 801 2916 promulgato
866 2877 872 2894 .
924 2877 932 2892 .
984 2876 990 2891 .
1043 2835 1109 2918 4
1161 2875 1168 2890 .
1220 2873 1227 2890 .
1276 2829 1384 2890 affl

393 2932 445 2998 10
470 2953 509 3000 00
535 2933 589 3002 uti
613 2934 725 3023 possit
749 2933 878 3002 coniux
896 2931 1007 3000 fidelis
1031 2930 1060 2999 si
1085 2930 1198 2998 altera
1215 2947 1296 3018 pars

349 3035 437 3104 item
460 3037 573 3107 fidelis
600 3040 743 3108 labatur
766 3039 803 3107 in
827 3037 1020 3122 haeresim,
1045 3037 1103 3106 rel
1134 3039 1297 3104 transeat

349 3141 392 3210 ad
417 3142 612 3214 infidelium
632 3166 767 3215 errores
804 3193 1226 3212 ........
1275 3169 1291 3206 r
1322 3145 1383 3209 123

393 3253 442 3318 De
466 3253 598 3321 stantis
623 3252 875 3341 impedimento
899 3251 1048 3320 foederis
1071 3251 1163 3340 apud
1178 3253 1295 3318 orien-

349 3357 481 3424 talium
503 3361 643 3427 rituum
668 3359 840 3428 Ecclesias
868 3409 1227 3425 .......
1278 3385 1294 3420 n
1325 3361 1387 3424 124

216 3461 295 3528 dar.
322 3464 378 3528 lV.
405 3467 454 3532 De
478 3463 782 3534 clandestinitatis
799 3465 1051 3555 impedimento
1099 3518 1107 3534 .
1158 3519 1166 3533 .
1218 3517 1224 3531 .
1276 3469 1386 3532 „lud

305 3577 336 3652 §-
367 3575 395 3636 l.
424 3573 470 3636 De
494 3571 530 3640 ri
554 3571 689 3640 deereti
714 3571 860 3641 Consilii
886 3571 1106 3640 Tridentini.
1158 3625 1165 3638 .
1216 3624 1224 3639 .
1274 3575 1383 3638 „127

395 3675 534 3744 Primo:

305 3778 340 3868 α)
368 3783 475 3866 Loca,
509 3781 546 3850 in
578 3783 705 3872 quibus
738 3783 976 3852 tridentinum
1010 3784 1192 3852 decretum
1223 3781 1297 3870 suit

346 3887 618 3978 promulpotum
690 3941 1227 3958 ..........
1278 3917 1293 3952 n
1325 3892 1387 3956 130

306 3993 339 4083 0)
365 3997 474 4078 Loca,
507 3994 543 4063 in
574 3993 701 4085 quibus
738 3995 975 4064 tridentinum
1006 3995 1189 4063 decretum
1224 4015 1297 4062 000

350 4099 423 4184 sirit
445 4101 716 4189 promolputum
751 4151 1229 4168 .........
1279 4129 1296 4164 n
1327 4105 1389 4168 131

307 4205 336 4288 0)
364 4209 470 4290 Loca,
502 4205 696 4295 dequibus
727 4206 840 4276 adhue
869 4209 1018 4276 dubium
1050 4212 1144 4298 vipet
1176 4213 1299 4276 utrum

352 4311 572 4398 publicatum
596 4312 705 4382 fuerit
730 4312 966 4382 tridentinum
990 4312 1173 4382 decretum
1221 4365 1228 4379 .
1279 4341 1295 4376 n
1326 4315 1388 4378 l35
