3402 5292
638 469 834 554 -eos-⁴

138 627 209 708 tur,
241 615 331 694 nihii
358 641 519 722 prorsus,
555 616 686 696 nedum
715 615 825 694 animi
854 613 1122 707 haesitationis,
1154 613 1216 692 sed
1245 639 1311 693 nec

136 739 330 844 quidquam
359 741 669 832 contradictionis,
700 741 817 836 dubii,
848 738 1145 846 perturbationis,
1183 739 1312 818 obscu-

137 864 255 944 ritatis
282 865 500 970 praeseferat
520 867 557 945 in
580 866 733 946 texenda
756 865 904 945 historia
924 865 1074 944 inieiicis
1095 865 1208 968 ipsius
1228 891 1313 944 con-

137 987 237 1067 nubii
259 989 341 1068 inde
361 1015 381 1066 3
401 993 514 1094 prima
531 992 737 1095 nuptiarum
752 1005 855 1070 nocte
875 990 920 1068 ad
941 989 1034 1068 diem
1054 989 1307 1094 separationis,

137 1111 301 1191 volvente
329 1113 466 1192 scilicet
493 1115 598 1218 longo
626 1115 762 1193 biennii
781 1113 911 1220 spatio,
934 1139 1005 1220 quo
1024 1139 1105 1191 cum
1125 1114 1207 1192 Caio
1227 1139 1313 1191 con-

139 1234 229 1314 vinit
242 1259 284 1313 33
303 1235 550 1316 condormivit.
570 1242 620 1320 Ea
635 1239 782 1343 insuper
798 1236 989 1343 depositio,
1019 1241 1164 1316 testium
1185 1237 1311 1316 iuratis

138 1355 422 1462 depositionibus
433 1362 534 1439 iuxta
550 1387 591 1440 33
605 1361 843 1468 comprobatis
861 1359 1004 1439 abunde
1021 1361 1123 1439 iactis
1138 1386 1307 1458 consona,

138 1506 302 1583 magnam
330 1484 443 1562 lucem
471 1483 631 1563 edundet
646 1485 682 1563 in
702 1497 813 1563 totam
833 1509 991 1578 causam,
1010 1497 1047 1563 et
1066 1485 1177 1563 veluti
1199 1484 1312 1590 ipsius

138 1607 328 1688 decisionis
355 1607 468 1687 basim
496 1609 703 1688 constituet.
735 1607 932 1687 Audiamus
952 1609 1062 1711 igitur
1081 1633 1123 1685 ea
1153 1622 1308 1704 tuntum,

140 1755 232 1834 quac
261 1731 306 1810 ad
334 1731 419 1812 facti
438 1733 594 1838 speciem
621 1757 686 1810 seu
709 1732 755 1810 ad
788 1758 960 1810 summam
992 1756 1121 1810 causae
1159 1730 1314 1809 breuiter

139 1855 385 1958 exponendam
404 1855 607 1936 conterunt.

218 1985 254 2056 d.
273 1982 497 2082 Interrogata
513 1979 624 2082 igitur
643 1979 735 2058 Iulia
750 2005 858 2085 super
871 1987 909 2058 5⁰
929 1977 1218 2080 interrogatorio,
1238 2002 1310 2054 una

135 2127 215 2181 cum
242 2105 322 2182 aliis
348 2106 511 2186 exhibito
538 2134 559 2185 a
605 2106 789 2186 defensore
817 2105 1013 2186 validitatis
1041 2104 1255 2184 matrimonii
1280 2115 1316 2184 et

136 2229 229 2308 Fisoi
256 2243 422 2335 patrono,
446 2232 625 2312 videlicet:
650 2265 668 2307 e
691 2238 832 2322 Quanto
854 2246 971 2338 tempo
999 2232 1091 2338 dopo
1119 2231 1317 2309 1333333-

144 2355 284 2434 ‹uione
313 2356 371 2435 dei
399 2369 566 2461 presente
603 2359 828 2437 matrimonio
855 2357 886 2436 si
914 2359 967 2434 sia
994 2359 1096 2435 unita
1131 2355 1167 2434 di
1200 2355 1319 2434 abita·

146 2511 161 2548 «
187 2478 286 2557 zione
310 2505 329 2557 3
349 2479 385 2557 di
400 2481 488 2559 letto
511 2505 576 2558 con
596 2507 661 2559 suo
681 2484 834 2561 marito?
854 2485 985 2560 Dovee
1004 2481 1110 2585 quale
1130 2478 1166 2558 iu
1187 2491 1315 2582 questa
1426 2547 1431 2562 .

148 2605 294 2682 ‹casa‘t
323 2604 426 2692 Quali
454 2629 474 2682 e
504 2605 637 2710 quanti
676 2605 803 2684 inrouo
836 2606 953 2684 coloro
990 2605 1055 2683 che
1088 2603 1316 2682 coabitarono

147 2729 281 2806 «neila
309 2755 390 2808 oasa
419 2729 638 2808 medesimut
664 2736 735 2808 «Per
762 2744 900 2836 quanto
928 2744 1046 2834 tempo
1070 2729 1176 2808 abbia
1196 2727 1318 2806 conhi-

146 2862 260 2930 ‹tato
288 2878 307 2930 3
336 2852 488 2932 dormito
516 2855 569 2932 331
598 2879 663 2931 suo
693 2856 844 2932 marito?
874 2859 918 2932 Se
949 2853 1034 2930 siasi
1063 2853 1252 2932 interrotta
1284 2852 1316 2927 Ι3

147 2972 286 3056 «detta
327 2977 569 3056 coabitozione
610 3003 629 3056 e
671 2977 976 3056 condornizionet
1018 2981 1157 3066 Quante
1197 2976 1313 3068 volte,
1434 3057 1438 3064 ,

147 3133 163 3168 κ
186 3113 322 3203 quanto
335 3114 499 3206 tompo,e
517 3125 579 3206 per
594 3102 678 3205 quai
694 3101 826 3180 motivo
838 3103 853 3180 t
865 3147 888 3160 -
900 3131 918 3174 »
932 3101 1068 3206 (Actor.
1088 3101 1216 3180 citdol.
1233 3101 1314 3206 16).

224 3225 436 3330 Respondit:
462 3257 480 3298 ‹
506 3224 839 3304 immediatamente
859 3225 924 3304 che
945 3225 982 3302 iu
1002 3237 1180 3304 contratto
1199 3225 1223 3302 il
1244 3251 1319 3302 ma-

150 3349 354 3428 ‹trimonio
382 3349 475 3427 nella
504 3349 630 3427 Chiesa
657 3349 898 3454 parroechiaie
927 3348 963 3426 di
985 3376 1016 3427 s.
1036 3350 1220 3451 dgostino,
1252 3349 1318 3430 che

149 3510 166 3544 a
189 3473 226 3552 io
255 3473 434 3552 celebrato
469 3473 505 3550 di
535 3497 634 3567 sera,
667 3473 691 3551 it
720 3477 841 3576 signor
870 3473 979 3567 Caio,
1000 3476 1318 3576 perconvenzione

150 3598 279 3676 ‹iatta
306 3599 456 3677 co'miei
486 3597 652 3700 genitori,
684 3597 713 3676 si
743 3597 846 3675 ritiro
875 3597 913 3674 in
940 3623 1023 3676 casa
1052 3623 1131 3690 sua,
1164 3597 1207 3676 ed
1228 3599 1261 3675 io
1282 3599 1320 3676 in

149 3753 169 3793 a
191 3745 273 3800 casa
300 3721 393 3815 mia,
425 3720 666 3799 adducendosi
696 3719 761 3798 che
790 3721 814 3798 it
843 3721 1069 3799 matrimonio
1099 3720 1129 3799 si
1168 3720 1319 3799 sarebbe

149 3881 169 3916 a
192 3859 398 3924 consumato
425 3845 449 3922 il
478 3845 514 3923 di
543 3869 712 3951 appresso
740 3845 776 3922 in
806 3846 947 3949 Nepoti.
980 3849 1023 3922 In
1051 3845 1163 3924 effetti
1184 3846 1207 3923 il
1230 3859 1321 3923 mnt-

147 4003 167 4041 3
191 3971 265 4049 tino
293 3983 464 4072 seguente
492 3971 546 4068 poi
575 3969 727 4047 secondo
755 3969 951 4071 conuoglio
979 3968 1073 4046 della
1103 3968 1252 4047 ferreria
1274 3970 1321 4046 ivi

147 4126 167 4165 a
190 4093 220 4172 ci
250 4117 423 4172 recammo
452 4096 499 4188 io,
532 4095 597 4189 lui,
630 4094 664 4171 la
695 4119 759 4172 sua
790 4093 986 4195 genitrice,
1018 4092 1029 4169 i
1058 4093 1139 4171 miei
1169 4093 1321 4194 genitori

147 4251 169 4288 ‹
193 4243 257 4297 con
286 4243 357 4296 una
387 4220 456 4296 mia
484 4218 679 4298 domestica
707 4243 771 4323 per
789 4241 892 4296 nome
913 4218 1136 4321 Sempronia.
1161 4221 1322 4300 Durunte

146 4375 168 4414 «ι
194 4343 217 4420 ii
246 4344 354 4446 lungo
382 4343 522 4446 viaggio
550 4343 584 4422 io
611 4342 792 4449 prendeva
820 4343 928 4420 moito
956 4343 1163 4446 meravigiia
1193 4369 1212 4423 e
1245 4367 1323 4422 sor-

147 4499 170 4538 «
197 4491 322 4572 presa,
362 4468 494 4573 perche
521 4467 547 4545 ii
575 4469 645 4546 mio
673 4467 800 4546 marito
828 4470 1038 4547 mostravasi
1067 4481 1161 4548 tutto
1198 4493 1323 4574 preoc-

219 4605 357 4657 ttrutsscuA,
373 4602 405 4648 De
420 4600 617 4660 impedimentis.
1203 4610 1230 4652 20
