3446 5298
816 419 852 432 -
875 387 934 448 392
956 417 993 430 -

403 507 629 609 Singulorum
658 512 802 589 testium
840 511 1004 590 absoluto
1040 513 1219 606 examine,
1259 507 1330 587 duo
1364 508 1491 586 saltem

323 655 366 709 er
395 630 650 711 celebrioribus
678 635 834 714 civitatis
862 635 1003 742 Physici
1041 634 1252 714 medicinam
1285 648 1323 712 et
1350 633 1492 711 chirur-

323 755 416 858 giam
434 755 605 834 callentes
623 757 821 861 seligantur
839 785 967 864 corpus
986 758 1053 836 viri
1072 757 1267 862 inspecturi
1286 781 1393 862 super
1411 755 1491 834 eius

323 880 482 984 potentia
512 878 556 957 ad
585 881 782 959 coeundum
810 908 889 961 curn
918 881 1065 961 muliere
1083 882 1235 960 maxime
1254 879 1405 982 virgine,
1422 902 1489 956 nec

323 1003 381 1082 ille
410 1004 584 1109 Physious
610 1006 893 1108 praetereundus
920 1005 983 1110 qui
1011 1005 1129 1084 lorsan
1157 1018 1262 1083 antea
1290 1002 1397 1081 luerit
1423 999 1492 1077 ad-

325 1129 462 1207 hibitus
490 1129 535 1208 ad
563 1132 630 1208 viri
659 1131 877 1210 incommoda
904 1131 1093 1211 medenda.
1124 1127 1488 1209 Animadvertendum

325 1268 444 1330 autem
471 1265 513 1331 ut
539 1253 663 1332 mediis
692 1267 842 1334 utantur
869 1253 977 1334 licitis
1007 1268 1040 1334 ct
1068 1255 1236 1341 honestis,
1260 1267 1297 1332 et
1324 1277 1490 1358 perscru-

323 1375 472 1454 tandum
500 1378 690 1482 praecipue
718 1393 838 1458 utrum
866 1378 963 1458 illius
982 1379 1097 1457 virilia
1117 1380 1190 1456 sint
1208 1380 1308 1455 iuxta
1336 1389 1487 1453 naturae

322 1499 419 1602 leges
447 1515 612 1580 accurate
640 1500 878 1598 conformata3
900 1503 1067 1581 nimirum
1092 1527 1138 1580 an
1156 1502 1259 1607 penis
1287 1499 1486 1579 naturalem

323 1623 454 1703 habeat
482 1624 753 1720 dimensionem,
775 1641 1045 1732 promptamque
1063 1626 1276 1706 erectionem
1290 1623 1336 1702 ad
1354 1647 1488 1703 coeun-

321 1749 406 1828 dum
417 1750 617 1828 necessario
628 1747 851 1846 duraturam;
869 1775 914 1827 an
931 1750 1051 1856 aliquo
1062 1749 1182 1828 morbo
1198 1749 1306 1828 luerit
1319 1749 1483 1842 allectus,

323 1898 343 1949 a
358 1885 494 1975 quanto
514 1885 685 1977 tempore,
703 1887 740 1952 et
758 1875 942 1951 cuiusnam
958 1873 1193 1970 characteris3
1206 1898 1254 1950 an
1267 1871 1376 1950 fibrae
1391 1896 1487 1950 corn-

322 2008 447 2099 pactae
461 2011 497 2073 et
512 1997 763 2090 consistentes
781 2021 845 2076 seu
861 1997 981 2102 potius
995 1995 1177 2091 llaocidae,
1193 1997 1378 2100 lassaeque
1394 1996 1481 2090 sint;

321 2144 367 2196 an
389 2132 498 2197 testes
509 2123 587 2197 sani
603 2121 849 2224 naturalisque
871 2119 1145 2224 magnitudinis,
1168 2134 1204 2198 et
1228 2132 1348 2197 utrum
1363 2119 1485 2222 aliquo

324 2243 411 2321 vitio
440 2243 693 2340 laboraverint,
717 2245 772 2324 rel
792 2245 910 2324 adbuc
938 2245 1123 2341 laborent3
1145 2269 1216 2350 quo
1236 2245 1273 2322 in
1291 2267 1376 2321 casu
1391 2269 1488 2322 mor-

318 2367 356 2445 bi
375 2368 615 2448 characterem
634 2383 670 2449 et
688 2395 816 2449 causas
844 2369 1135 2472 investigabunt3
1163 2395 1210 2446 an
1228 2381 1333 2447 vetus
1352 2369 1408 2446 vel
1429 2394 1488 2448 re-

320 2516 419 2588 cens,
451 2495 626 2572 naturalis
654 2495 709 2573 rel
738 2495 950 2600 acquisitus
982 2509 1092 2574 etan
1129 2493 1298 2572 curabilis
1337 2517 1402 2571 nec
1440 2519 1484 2572 ne

321 2614 457 2718 absque
485 2617 612 2695 salutis
639 2619 810 2722 periculo.

397 2736 533 2826 Quibus
562 2741 726 2820 omnibus
757 2741 946 2845 diligenter
974 2744 1159 2847 inspectis,
1182 2741 1322 2845 singula
1342 2741 1410 2846 sub
1429 2741 1488 2819 iu·

318 2875 480 2939 ramento
508 2863 639 2968 scripto
677 2865 834 2960 tradent,
870 2866 1020 2972 etquid
1054 2866 1121 2971 ipsi
1159 2867 1318 2946 sentiant
1344 2865 1388 2944 de
1417 2867 1485 2944 riri

318 2987 526 3090 impotentia
567 3013 612 3064 an
649 2989 825 3092 acquisita
854 2990 909 3068 vel
938 2990 1112 3092 ingenita,
1148 2990 1314 3068 absoluta
1342 2990 1398 3067 vel
1426 3015 1486 3068 re-

317 3108 427 3186 lativa
457 3123 611 3206 tantum,
643 3111 796 3214 ingenue
816 3113 1010 3207 fateantur,
1034 3113 1204 3218 nullaque
1219 3113 1342 3192 relicta
1370 3112 1486 3192 ambi-

318 3231 423 3334 gendi
452 3233 605 3312 ratione.

397 3359 530 3460 Corpus
558 3361 704 3462 insuper
731 3359 904 3452 mulieriS,
936 3360 997 3440 sed
1027 3363 1178 3440 maxime
1197 3362 1294 3440 illius
1314 3361 1483 3463 genitalia

316 3475 473 3555 membra
501 3504 520 3554 a
550 3481 690 3558 duabus
718 3482 842 3560 saltem
871 3481 1133 3562 Obstetricibus
1152 3483 1189 3561 in
1208 3497 1284 3562 arte
1312 3497 1350 3562 et
1378 3484 1481 3588 praxi

315 3599 545 3704 peritioribus
572 3629 614 3681 ac
642 3604 744 3683 bonis
772 3606 930 3686 moribus
958 3605 1105 3685 imbutis
1133 3607 1385 3713 inspiciantur,
1417 3607 1483 3685 ad·

315 3723 434 3804 hibito
461 3727 560 3831 prius
589 3729 747 3808 mulieris
766 3729 892 3810 balneo
912 3732 942 3810 si
961 3732 1162 3810 necessario
1181 3731 1482 3836 praemittendum

317 3847 459 3954 Physici
506 3865 542 3928 et
583 3853 681 3956 ipsae
723 3852 973 3933 iudicaverint.
1019 3861 1190 3934 accurrate
1237 3853 1480 3934 observabunt

318 3972 420 4076 signa
448 3974 688 4078 integritatem
717 3977 876 4056 mulieris
904 3978 1176 4074 constituentia,
1204 3979 1370 4058 nimirum
1398 4004 1484 4057 con-

317 4093 562 4178 formationem
592 4101 763 4206 partium,
796 4101 1013 4199 iuncturam,
1044 4101 1228 4197 duritiem,
1251 4105 1483 4205 rugositatem

316 4233 352 4298 et
380 4223 548 4320 colorem3
581 4249 627 4302 an
656 4225 784 4329 hymen
814 4227 863 4304 sit
889 4225 1041 4330 integer,
1064 4226 1119 4305 rel
1139 4225 1341 4304 confractus
1369 4225 1407 4304 in
1426 4241 1481 4306 to-

317 4359 392 4424 tum
420 4349 476 4426 rel
504 4349 541 4426 in
568 4363 689 4454 parte;
712 4347 830 4427 hocin
849 4373 934 4428 casu
962 4375 1008 4428 an
1036 4365 1073 4430 ct
1090 4375 1162 4455 qua
1177 4349 1334 4430 naturali
1352 4376 1474 4448 causa,
