3424 5300
861 545 897 560 ..
922 511 979 576 132
1001 544 1037 558 ..

368 651 506 736 anoton,
524 655 543 718 a
559 665 630 746 quo
657 616 948 746 impedimentum
975 637 1099 716 adesse
1131 637 1282 735 audivit,
1306 639 1447 720 admitti
1468 663 1533 718 ne-

370 785 502 877 queat:
522 770 708 877 repellitur
727 784 845 850 tamen
866 769 963 848 testis
978 769 1022 848 de
1037 767 1178 865 auditu,
1196 769 1227 848 si
1242 769 1287 864 is,
1310 796 1330 846 a
1345 795 1416 874 quo
1430 769 1533 848 audi-

370 896 423 976 vit
436 909 473 976 et
492 895 529 973 in
548 895 651 974 ouius
665 895 867 975 testimonio
885 919 923 974 se
943 893 1084 989 fundat,
1107 908 1277 998 tanquam
1298 893 1535 974 inhabilisre-

371 1021 526 1126 pellatur
553 1019 599 1098 ad
626 1019 800 1099 eiusmodi
832 1019 1017 1099 ferendum
1041 1019 1296 1099 testinnonium.
1326 1021 1432 1098 Ratio
1460 1019 1533 1098 dis·

369 1146 535 1251 paritatis
563 1159 632 1241 est,
672 1147 756 1250 quia
789 1159 974 1225 aecusator
1011 1171 1083 1224 non
1111 1147 1149 1222 in
1174 1143 1271 1222 nuda
1308 1148 1530 1225 accusatione

371 1296 470 1349 suam
498 1269 627 1352 fundat
655 1271 902 1366 intentionem,
925 1269 988 1349 sed
1009 1270 1046 1348 in
1065 1271 1146 1349 aliis
1161 1268 1466 1377 probationibus(
1496 1271 1525 1377 ).

782 1500 1036 1578 nnrruutus
1064 1501 1132 1576 111.

748 1697 809 1771 Ite.
830 1715 983 1791 prouenu
1020 1695 1162 1770 iuiioiuli

926 1883 985 1940 flflll
994 1887 1001 1938 :

550 2062 583 2129 1⁰
605 2063 650 2136 lto
672 2063 763 2138 noio
785 2063 876 2136 illurn
899 2062 1100 2155 oonfloinnii;

547 2163 582 2232 2⁰
604 2166 650 2240 lto
671 2168 914 2258 probationibus
937 2165 1109 2260 perillum
1129 2166 1196 2242 rita
1218 2164 1432 2259 exquirentis,

899 2345 1000 2420 tuost:

683 2519 715 2606 a)
741 2521 779 2593 ie
802 2517 1002 2594 noniessiouo
1025 2519 1204 2610 toringan,

679 2627 708 2714 t)
734 2627 772 2700 to
793 2626 1081 2702 instrumentorum
1102 2625 1175 2718 iio,

684 2738 712 2824 o)
738 2737 777 2810 ie
799 2735 937 2810 tortian
960 2736 1223 2828 depositionibus,

682 2843 713 2930 dl
740 2843 778 2917 io
802 2841 978 2934 peritorum
1000 2843 1212 2935 inspeetione,

684 2951 710 3039 ot
737 2949 776 3024 tle
797 2949 1004 3024 iurisiurandi
1026 2951 1195 3042 religiono.

456 3117 490 3184 t.
522 3109 607 3186 Cum
636 3107 674 3184 in
701 3105 1032 3214 matrimonialibus·
1051 3109 1168 3186 oausis
1184 3107 1372 3188 nedurnde
1401 3111 1536 3191 alteru·

374 3232 464 3310 trius
501 3232 662 3335 coniugis
698 3232 946 3312 contendentis
983 3232 1074 3328 iure,
1111 3233 1172 3312 sed
1207 3248 1242 3314 et
1276 3236 1465 3342 praecipue
1493 3238 1536 3318 de

374 3356 643 3436 sacramentalis
671 3358 802 3436 vinouli
831 3371 958 3462 agatur
987 3360 1118 3454 valore,
1142 3374 1250 3466 atque
1270 3360 1358 3440 adeo
1378 3361 1421 3440 de
1441 3363 1537 3468 ipso-

375 3506 453 3560 rum
481 3485 671 3586 coniugum
699 3482 901 3562 ’oollusione
929 3483 1105 3580 cavenda,
1138 3485 1221 3564 hino
1254 3486 1431 3568 iudicialis
1458 3501 1536 3566 anta

375 3628 562 3709 protessus
599 3605 695 3683 haud
734 3605 951 3685 ellorrnandu
979 3619 1085 3686 erunt
1123 3607 1167 3686 ad
1201 3608 1349 3688 aliorum
1380 3635 1534 3690 normann

375 3727 586 3810 iudioiorurn
620 3730 829 3837 praesertim
865 3731 1037 3826 oiviliutn,
1069 3731 1130 3811 sed
1168 3733 1268 3813 iuxta
1306 3759 1464 3816 normam
1492 3735 1537 3812 ab

374 3853 612 3932 eeclesiastico
639 3853 717 3932 iure
745 3854 927 3934 traditam.
950 3901 973 3914 -
993 3855 1161 3962 Prinoeps
1181 3871 1299 3936 autern
1320 3863 1538 3966 praescripta

374 4003 495 4056 aroanna
522 3977 567 4056 ad
596 3991 674 4058 aota
710 3979 883 4058 eiusmodi
921 3979 1139 4060 oonlioienda
1175 3982 1331 4061 traditur
1359 3984 1396 4060 in
1425 3983 1538 4062 notis·

373 4101 461 4180 sima
489 4103 672 4182 Benadioti
698 4107 778 4183 XIV
807 4106 1080 4200 Constitutione,
1112 4131 1203 4211 quae
1223 4107 1349 4212 insipit
1376 4110 1442 4187 Dei
1468 4109 1538 4186 mi-

373 4228 563 4316 seratione,
592 4255 755 4336 quaeque
784 4231 1007 4335 potissimum
1026 4231 1178 4312 iudicem
1198 4229 1458 4337 deputandum,
1485 4236 1538 4315 of-

441 4441 479 4517 (1)
498 4447 538 4502 Ita
558 4444 676 4518 Pithing
694 4443 744 4504 loo
764 4447 813 4505 ott.
833 4461 864 4504 n.
884 4455 911 4503 8.
931 4455 991 4506 not.
1011 4455 1037 4504 6.
1058 4463 1095 4506 ex
1113 4461 1178 4520 otp.
1199 4447 1263 4506 lieet
1282 4455 1326 4504 47.
1348 4451 1382 4507 rie
1399 4451 1494 4510 netto.
1508 4460 1535 4511 et

371 4537 500 4592 attentat.
