3456 5300
682 442 838 504 -87..

180 545 275 647 enim
308 569 345 647 in
373 567 485 647 sacris
516 546 704 649 constituti
742 571 1005 648 matrimonium
1043 579 1279 661 attentantes,
1310 577 1346 644 et

180 690 358 797 simplices
386 691 510 771 Clerici
539 689 628 770 illud
657 693 924 788 contrahentes,
953 691 1117 798 quamvis
1155 691 1263 770 etiam
1301 687 1346 768 ob

178 813 348 894 dirimens
376 813 670 920 impedimentum
699 817 856 895 invalide
875 815 1132 908 contraxerint,
1156 812 1347 891 dummodo
1469 839 1475 854 ·

178 952 297 1018 7414411
325 938 530 1042 coniugium
557 939 698 1019 irritum
726 965 798 1017 non
826 937 935 1018 luerit
967 939 1012 1017 ob
1050 961 1245 1016 consensus
1282 935 1346 1014 de-

179 1061 310 1142 iectum
338 1087 381 1141 err
408 1077 511 1167 parte
539 1061 678 1157 Clerici,
701 1063 956 1156 ecclesiastica,
979 1063 1120 1166 siquae
1141 1059 1342 1166 possident,

178 1187 350 1267 beneficia
383 1190 458 1294 ipso
490 1187 567 1267 iore
606 1190 790 1283 amittunt,
821 1199 862 1266 ut
894 1185 1128 1265 communiter
1165 1187 1239 1262 no.
1271 1195 1347 1262 tra·

179 1311 284 1403 dunt,
315 1327 351 1392 et
370 1337 470 1391 sacra
490 1311 637 1391 concilii
656 1313 888 1414 congregatio
906 1333 978 1388 non
998 1308 1105 1387 semel
1125 1305 1281 1410 docuit(
1310 1304 1340 1411 ).

261 1443 299 1514 6.
331 1439 490 1526 Quonam
517 1449 637 1515 autem
666 1435 744 1514 iore
772 1433 1063 1540 impedimentum
1077 1431 1156 1510 Voti
1177 1427 1346 1510 solemnis

182 1559 374 1655 castitatis,
404 1559 480 1638 sive
508 1557 706 1662 Religionis
733 1561 807 1637 sire
841 1555 999 1650 Ordinis,
1033 1555 1103 1633 vim
1133 1555 1265 1633 habeat
1292 1553 1349 1632 di-

179 1683 330 1762 rimendi
367 1682 629 1760 matrimonium
662 1679 964 1768 contrahendum,
995 1677 1215 1782 disceptatur
1253 1677 1347 1756 inter

180 1809 253 1885 DI).
277 1852 301 1868 -
321 1811 452 1886 Verum
485 1807 578 1886 hanc
615 1807 685 1884 vim
713 1831 758 1882 ex
785 1803 860 1882 solo
887 1801 1119 1881 ecclesiastico
1152 1801 1246 1889 iore,
1275 1827 1347 1880 nou

182 1941 303 2008 autem
330 1929 487 2008 naturali
515 1928 571 2008 rel
599 1927 721 2006 divino
749 1928 866 2006 inesse
884 1925 980 2005 dicto
998 1925 1101 2020 Veto,
1123 1923 1252 2003 docent
1267 1947 1345 2002 cum

184 2053 360 2132 communi
389 2053 509 2157 magui
541 2051 694 2131 nominis
728 2067 803 2132 tum
832 2051 987 2154 theologi
1014 2051 1344 2145 tum‘cauonistae,

182 2177 352 2281 gravibus
380 2179 418 2256 in
445 2175 600 2256 medium
628 2177 777 2284 prolatis
805 2179 982 2254 rationum
1010 2177 1197 2254 momentis
1226 2175 1299 2278 (2).

262 2308 300 2379 7.
331 2300 423 2378 Hinc
451 2299 643 2378 sufficienti
671 2327 714 2380 er
743 2325 865 2394 causa,
888 2297 981 2378 idest
1000 2297 1051 2378 rei
1072 2297 1237 2402 gravitati
1266 2321 1350 2402 pro-

181 2422 399 2527 portionata,
430 2448 534 2529 posse
561 2425 693 2529 Papam
721 2423 759 2500 in
786 2422 853 2500 hoo
872 2421 951 2500 Voti
979 2421 1246 2525 impedimento,
1269 2434 1346 2500 tum

180 2546 325 2625 Ordinis
353 2561 428 2626 tum
469 2547 576 2627 etiam
612 2547 828 2652 Religionis,
868 2545 1133 2626 matrimonium
1160 2545 1348 2626 dirimente

179 2669 403 2776 dispensare,
434 2671 613 2750 sententia
642 2683 697 2751 est
716 2671 958 2778 receptissima
967 2671 1216 2776 'theologorum
1236 2685 1271 2752 et
1289 2698 1350 2751 ca-

180 2795 416 2890 nonistarum,
447 2821 537 2901 quos
562 2795 670 2899 longa
698 2795 804 2890 serie,
835 2809 916 2902 post
943 2795 1072 2875 allatas
1100 2795 1343 2903 probationes,

180 2915 287 2998 relert
316 2919 473 2998 Sauchez
502 2917 575 3026 (3).
608 2925 653 2999 Et
680 2919 824 3026 quidem
852 2921 907 2999 vel
928 2921 1004 3026 ipso
1031 2945 1075 2998 er
1094 2919 1187 3001 lacto
1206 2933 1349 3001 constat

180 3065 405 3120 romanorum
423 3043 647 3137 Pontilicum,
665 3043 729 3148 qui
748 3042 880 3149 passim
904 3043 1076 3121 eiusmodi
1096 3051 1350 3124 concesseruut

182 3165 480 3274 dispensationes,
512 3180 553 3246 ut
580 3165 700 3247 videre
728 3181 784 3246 est
811 3165 905 3274 apud
927 3167 1240 3272 Schmalzgrueber
1269 3169 1285 3272 (
1313 3165 1344 3274 )

181 3467 240 3510 444
257 3453 852 3514 4447444774-7174744444741476.
876 3455 928 3514 477.
957 3461 982 3513 4.
1004 3456 1051 3515 474.
1077 3461 1124 3515 44.
1152 3465 1264 3530 quami.
1285 3464 1348 3516 444.

182 3559 213 3599 4.
234 3549 261 3599 c.
283 3549 311 3598 or
328 3551 438 3614 44474.
459 3547 523 3598 cra.

199 3672 208 3690 .
252 3623 291 3702 ll)
310 3633 343 3686 in
361 3643 460 3697 causa,
474 3630 519 3687 cul
535 3629 655 3696 titnlns;
675 3629 805 3688 17477444
823 3630 1016 3689 matrimonii
1034 3639 1061 3689 et
1078 3631 1292 3704 resignationis
1307 3631 1349 3689 74-

182 3719 281 3791 444477
299 3719 356 3778 diei
376 3723 411 3776 44
430 3718 505 3776 74777
525 3723 605 3786 4874,
629 3727 658 3775 et
676 3719 820 3776 recentius
841 3721 869 3776 in
889 3719 1086 3778 8444444744
1109 3719 1352 3792 contemtionis

182 3823 230 3866 444
246 3805 507 3865 rehobititoiionia
525 3806 560 3864 74
575 3809 753 3879 paroeciam,
776 3811 811 3863 48
828 3807 902 3864 iniit
922 3813 1001 3866 4877.

252 3895 290 3967 (4)
308 3895 358 3953 cir
377 3895 505 3952 sancires
525 3893 578 3952 lit.
598 3899 626 3952 7.
646 3893 723 3966 disp.
743 3899 778 3951 44
798 3909 864 3953 on.
879 3900 919 3966 4.,
939 3903 965 3954 ct
983 3897 1060 3969 disp.
1079 3901 1124 3952 48.
1138 3911 1169 3954 4.
1184 3901 1211 3953 8.
1226 3906 1252 3954 et
1270 3909 1347 3970 capp.

257 3981 293 4054 73)
312 3982 374 4040 cio.
394 3990 421 4042 8.
442 3981 519 4055 disp.
538 3989 566 4040 8.
585 3999 618 4040 4.
638 3987 666 4040 7.
765 4017 771 4032 ·

255 4071 295 4147 (4)
312 4071 375 4130 Lib.
395 4076 422 4130 8.
445 4073 492 4129 tit.
512 4077 557 4130 74.
576 4089 607 4129 4.
628 4079 673 4130 48.
694 4103 727 4114 -
747 4077 818 4131 Cum
838 4081 932 4132 autem
960 4074 1056 4146 agitur
1078 4073 1113 4130 de
1132 4072 1264 4130 nullitate
1283 4087 1346 4143 pro-

184 4159 316 4218 lossionis
334 4160 476 4232 regularis
495 4161 688 4228 diiudicanda,
705 4175 773 4234 prae
793 4162 884 4220 oculis
903 4161 1032 4219 habenda
1052 4171 1095 4218 est
1112 4164 1208 4218 const.
1229 4160 1349 4217 7744477-
1407 4221 1412 4232 ,

183 4251 219 4307 cti
238 4253 299 4308 xiv
317 4265 391 4322 quae
410 4249 511 4322 incipit
527 4251 563 4308 Si
580 4249 685 4307 444444
704 4249 875 4308 hominibus
892 4250 988 4322 fldem,
1011 4249 1039 4306 iu
1054 4263 1109 4321 qua
1130 4255 1158 4306 et
1176 4249 1246 4306 ordo
1267 4263 1349 4321 prae·

181 4335 316 4392 scribitur
333 4333 364 4391 in
387 4333 529 4392 eiusmodi
557 4335 651 4391 causis
678 4331 854 4400 serrandum
879 4335 917 4390 uti
947 4331 976 4390 iu
1000 4333 1096 4390 causis
1115 4333 1150 4389 do
1171 4333 1347 4390 matrimonii

180 4422 286 4493 447414,
307 4421 448 4482 meranda
466 4430 511 4480 est
528 4425 623 4480 const.
644 4421 695 4480 Dei
712 4424 902 4480 miseratione
920 4421 1050 4480 eiusdem
1071 4421 1227 4480 Pontiflcis.
