3446 5298
679 445 889 508 -369-.

177 568 413 650 othonorum
440 573 597 652 omnium
626 572 878 668 detestatione,
909 573 972 678 qui
1000 597 1101 652 sacra
1128 571 1346 652 matrimonii

175 692 316 771 vincula
346 695 396 772 ita
425 697 620 791 contemni,
652 710 690 776 et
716 711 848 776 temere
875 694 1047 801 perfringi
1069 693 1252 774 dolebant.
1274 699 1350 775 Nos

175 829 309 914 antem,
340 817 398 898 bis
425 819 632 915 intellectio,
664 823 763 924 gravi
784 819 901 900 affecti
926 818 1063 914 dolore,
1085 818 1210 898 intimo
1230 819 1350 898 animo

174 942 426 1044 ingemuimus,
448 927 494 1022 'et
522 970 593 1024 non
622 945 926 1050 praetermisimus
950 941 1165 1048 apostolicae
1201 955 1347 1023 nostrae

174 1065 428 1146 sollicitudinis
456 1083 578 1174 partes
598 1069 634 1148 iu
664 1071 811 1150 Domino
832 1067 1040 1172 adimplere.
1073 1065 1256 1170 Siquidem
1274 1067 1351 1171 pri·

175 1214 230 1268 mo
258 1189 491 1271 Pontificatus
520 1194 632 1272 nostri
661 1219 755 1272 anno
793 1192 838 1271 ad
867 1192 1061 1298 Episcopos
1088 1189 1230 1268 illarum
1262 1215 1347 1295 par-

175 1313 279 1408 tium,
311 1314 509 1420 inquibus
545 1316 729 1422 praedicta
758 1317 975 1410 acciderant,
1007 1314 1225 1420 plenissimis
1253 1313 1349 1394 datis

175 1437 303 1533 literis,
336 1439 492 1542 graviter
511 1441 699 1546 conquesti
719 1467 844 1520 sumus
863 1439 908 1520 dc
928 1437 1133 1520 huiusmodi
1153 1438 1346 1542 pravitate,

174 1585 267 1664 quac
296 1563 333 1640 in
362 1563 519 1642 Ecclesia
549 1564 613 1643 Dei
633 1563 871 1657 tolerabatur,
903 1578 940 1642 ct
968 1561 1014 1640 ad
1038 1587 1116 1641 earo
1136 1559 1348 1641 abolendam

175 1709 298 1764 eorum
317 1687 454 1766 animos
472 1689 623 1790 erigere,
642 1702 680 1767 et
699 1687 914 1793 pastoralem
935 1685 1052 1766 zelum
1073 1683 1268 1764 accendere
1286 1711 1351 1766 cu·-

175 1811 355 1890 ravimus:
386 1811 483 1916 quod
502 1812 609 1891 etiarn
628 1812 766 1914 egimus
789 1837 868 1892 cum
889 1811 969 1890 aliis
988 1811 1138 1889 aliarum
1157 1809 1343 1912 regionum

174 1933 373 2039 Episcopis‚
406 1933 469 2014 ubi
497 1935 702 2014 huiusmodi
731 1959 881 2040 pravum
913 1933 1193 2012 dirimendorum
1220 1933 1348 2012 matri-

174 2061 371 2139 moniorum
406 2085 510 2138 usum
539 2061 724 2165 irrepsisse
752 2057 995 2162 cognovimus.

254 2186 293 2284 ἓ.
326 2193 364 2263 3.
387 2189 516 2264 Verum
532 2183 641 2264 Nobis
656 2209 866 2290 responsum
881 2197 949 2278 est,
968 2181 1005 2261 id
1019 2205 1125 2286 saepe
1141 2181 1348 2284 contingere

175 2307 305 2411 partim
333 2332 376 2386 er
404 2308 510 2412 culpa
537 2308 678 2387 illorum
705 2306 888 2400 Indicum,
919 2305 1053 2412 quibus
1082 2303 1139 2384 vel
1167 2304 1206 2382 in
1233 2305 1347 2409 prima

176 2429 365 2524 instantia,
396 2456 476 2510 cum
505 2456 612 2511 causa
649 2457 766 2510 coram
794 2429 918 2510 Iudice
946 2428 1125 2508 ordinario
1155 2425 1349 2532 exaliqua

176 2553 335 2656 legitima
362 2579 471 2634 causa
499 2557 662 2658 cognosci
691 2555 830 2660 nequit,
861 2555 918 2634 vel
946 2553 984 2632 iu
1012 2551 1182 2646 secunda,
1205 2575 1286 2630 cum
1309 2554 1349 2630 in

174 2677 340 2782 partibus
367 2679 489 2758 nullus
518 2679 619 2758 adest
638 2680 766 2774 luder,
797 2678 842 2758 ad
876 2679 978 2757 cuius
998 2675 1157 2756 tribunal
1181 2701 1290 2754 causa
1310 2676 1348 2754 in

176 2801 289 2902 gradu
304 2802 555 2907 appellationis
570 2801 795 2898 devolvatur,
815 2802 870 2881 vel
886 2801 916 2880 si
932 2801 1048 2894 adast,
1067 2801 1164 2879 iusta
1179 2799 1223 2878 de
1238 2825 1348 2879 causa

175 2948 291 3002 coram
311 2949 354 3006 eo
382 2924 574 3031 disceptari
602 2927 742 3030 nequit,
765 2950 895 3004 causac
914 2923 1191 3004 matrimoniales
1220 2923 1351 3002 huius-

175 3047 270 3127 modi
290 3075 311 3126 a
330 3049 419 3128 Sede
443 3050 638 3155 apostolica
666 3050 951 3144 committuntur,
987 3049 1050 3153 qui
1078 3048 1134 3128 vel
1163 3047 1208 3126 ob
1237 3049 1348 3126 insci-

175 3171 276 3266 tiam,
307 3172 364 3252 vel
392 3171 437 3250 ob
466 3173 595 3252 malam
631 3173 851 3252 voluntatem
880 3173 1055 3277 proclives
1082 3184 1172 3250 sunt·
1196 3169 1242 3248 ad
1270 3189 1349 3250 nra·

174 3296 341 3375 trimonia
370 3295 612 3391 dissolvenda,
644 3309 751 3402 atque
780 3295 903 3376 cadem
926 3297 1167 3392 matrimonia,
1199 3295 1269 3374 levi
1289 3296 1345 3375 vel

177 3421 283 3498 ctiam
311 3421 411 3500 nullo
439 3421 562 3500 habito
580 3422 758 3516 examine,
781 3423 882 3500 irrita
903 3446 944 3500 ac
963 3421 1118 3500 invalida
1140 3420 1343 3518 declarant;

177 3543 306 3647 partim
333 3544 441 3622 etiam
468 3571 512 3624 cn
535 3544 629 3624 iacto
655 3544 846 3647 coniugum
869 3571 977 3651 super
1004 3545 1171 3625 nullitate
1200 3571 1348 3624 suorum

177 3667 480 3748 matrimoniorum
499 3669 732 3772 litigantium,
764 3695 844 3748 curn
863 3669 1071 3774 frequenter
1089 3697 1185 3749 unus
1205 3685 1347 3750 tantum

177 3815 312 3887 corum,
343 3793 406 3896 qui
426 3792 696 3874 dissolutionem
722 3795 937 3872 matrimonii
956 3793 1130 3899 postulat,
1158 3795 1195 3872 in
1214 3793 1348 3872 iudicio

176 3931 392 4022 compareat,
424 3931 460 3997 et
487 3918 682 4010 sententia,
713 3917 813 3998 nullo
836 3918 1116 4013 contradicente,
1148 3917 1346 3998 secundum

176 4063 240 4116 sua
268 4052 350 4119 vota
377 4037 538 4134 obtenta,
569 4039 615 4118 ad
644 4041 733 4119 alias
760 4041 906 4144 nuptias
925 4042 1110 4138 convolat3
1142 4042 1199 4121 vel
1223 4039 1348 4118 ambo-

176 4161 243 4240 bus
275 4163 488 4268 coniugibus
515 4165 553 4242 in
581 4161 751 4243 iudicium
785 4165 1030 4260 venientibus,
1062 4167 1152 4247 alter
1179 4167 1243 4271 qui
1280 4190 1345 4270 pro

177 4286 414 4382 matrimonio,
445 4287 537 4366 alter
564 4312 647 4366 vero
666 4287 728 4393 qui
748 4301 870 4367 contra
891 4289 979 4392 agit,
1002 4291 1180 4369 sententia
1200 4289 1244 4368 de
1264 4289 1349 4368 nul·-

178 4407 279 4489 litate
307 4411 522 4490 matrimonii
542 4410 695 4517 prolata,
726 4410 849 4489 nullus
876 4424 945 4508 est,
976 4413 1039 4518 qui
1063 4411 1108 4491 ad
1128 4415 1349 4518 superiorem

232 4573 370 4619 nummo.
384 4571 418 4618 De
431 4539 627 4630 Impedtmcotss.
1268 4573 1295 4617 24
