3406 5302
659 406 697 422 -
718 375 777 440 209
797 405 834 420 ..

170 494 269 573 nium
297 493 496 576 terendum.
520 545 544 560 -
566 506 602 578 2⁰
621 501 720 580 Aliae
738 513 863 580 contro
890 499 1032 579 testium
1048 497 1328 605 productionem,

172 623 416 726 receptionem,
445 650 613 705 oxomen:
633 652 666 705 e.
691 653 724 730 g.
743 627 838 732 quod
858 626 1022 732 producti
1042 640 1078 705 et
1096 629 1228 732 recepti
1248 642 1333 708 ante

169 745 243 826 litis
271 749 579 844 contestationem,
611 751 666 830 vel
694 765 797 856 parte
825 751 974 829 advorsa
1003 775 1074 829 nou
1093 751 1217 848 citata,
1240 765 1277 831 et
1294 754 1331 832 iu

169 872 286 986 causis
319 875 640 954 matrimonialibus
672 899 744 954 non
780 874 936 980 legitime
970 877 1080 954 citato
1118 877 1332 956 matrimonii

168 991 352 1076 defensore
379 1022 423 1076 en
451 999 580 1093 officio,
612 998 667 1078 vel
694 999 790 1104 quod
809 997 955 1078 admissi
975 1013 1056 1104 post
1084 999 1226 1078 tertiam
1245 1025 1330 1104 pro-

169 1117 372 1202 ductionem
409 1123 486 1203 siue
514 1123 618 1227 legali
656 1125 896 1220 solemnitate,
928 1124 983 1204 vel
1012 1149 1083 1203 non
1120 1124 1244 1220 iurati,
1274 1125 1331 1202 rel

169 1244 265 1350 quod
289 1247 482 1327 examinati
511 1247 556 1327 ab
584 1249 844 1354 incompetente
872 1249 1003 1344 iudice,
1034 1261 1075 1327 ut
1103 1247 1259 1326 Clericus
1286 1246 1332 1324 ab

167 1367 284 1448 iudice
312 1369 463 1454 seculari
492 1369 568 1450 sine
596 1370 740 1450 licentia
769 1371 825 1452 sui
853 1371 1062 1478 superioris,
1093 1370 1149 1450 vel
1169 1384 1250 1476 post
1268 1368 1332 1449 dc-

167 1493 275 1576 duota
303 1521 323 1572 a
351 1494 569 1600 producente
598 1496 802 1592 testificata,
826 1510 906 1602 post
924 1497 1130 1576 conclusum
1148 1497 1187 1574 in
1205 1520 1328 1590 causa,

167 1621 223 1700 rel
251 1646 323 1702 non
360 1621 505 1700 seorsim
539 1622 732 1702 examinati
770 1622 833 1701 sed
865 1623 986 1718 simul,
1024 1647 1096 1701 noo
1124 1634 1274 1702 secreto.
1305 1665 1332 1684 -

166 1755 204 1825 3·
233 1745 331 1826 lliae
359 1759 482 1824 contro
510 1745 738 1852 depositiones
767 1749 862 1854 ipsos
890 1759 923 1825 et
950 1745 1048 1826 dicto
1076 1749 1234 1834 testium,
1262 1747 1332 1825 sci-

164 1869 248 1950 licet
275 1871 370 1976 quod
398 1871 472 1950 sint
498 1871 594 1952 inter
613 1897 650 1950 se
670 1871 861 1966 contraria,
884 1870 1049 1966 obscura,
1071 1871 1222 1966 incerta,
1254 1897 1330 1949 am-

164 1991 289 2097 bigua,
320 1995 539 2091 vacillantia,
562 2021 634 2076 non
653 1995 885 2098 congruentia
904 1993 996 2074 laeto
1015 1994 1072 2074 vel
1089 2008 1241 2073 naturae
1260 1997 1328 2090 rei,

166 2145 239 2202 nou
268 2119 488 2214 verisimilia,
520 2119 576 2198 vel
604 2120 746 2200 omnino
774 2120 878 2216 talea,
909 2118 1122 2222 singularia,
1143 2131 1243 2198 extra
1264 2143 1331 2196 var-

168 2244 296 2324 ticulos
323 2261 359 2326 et
390 2245 683 2348 interrogatoria,
714 2247 770 2326 vel
807 2272 879 2326 non
914 2245 1037 2326 addita
1073 2270 1192 2328 causa¹
1214 2244 1330 2324 scien-

168 2371 238 2452 tiae
267 2385 337 2452 etc.
369 2371 443 2478 (l).

246 2507 283 2576 6.
315 2503 390 2576 larn
418 2523 501 2578 roro
516 2499 631 2604 primi
647 2497 786 2602 generis
801 2497 1043 2604 exceptiones,
1065 2498 1232 2580 ninnirum
1248 2522 1330 2575 con-
1450 2559 1458 2574 .

167 2635 225 2701 tro
249 2649 419 2728 personas
448 2625 591 2702 testium
620 2623 851 2730 opponendae
871 2620 1086 2726 repuleritor
1104 2635 1190 2700 suut
1207 2622 1329 2726 prius·-

167 2773 274 2854 qoom
289 2773 411 2826 eorum
427 2747 655 2852 publicentur
683 2747 946 2840 attestationes
969 2760 1011 2826 ut
1038 2758 1240 2826 constater
1267 2745 1330 2827 de-

166 2872 288 2952 cretali
326 2871 526 2950 Innocentii
555 2875 609 2950 Ill
638 2870 712 2978 (2),
745 2871 780 2952 in
817 2895 889 2974 qua
918 2883 1037 2949 tamen
1064 2869 1228 2948 Pontifex
1257 2883 1329 2949 tres

166 2996 297 3100 excipit
334 3021 453 3091 casce,
485 2995 620 3074 scilicet
647 2994 716 3073 nisi
747 3020 868 3074 «cum
905 2994 1104 3072 iuramento
1136 2990 1329 3072 firmaverit

168 3155 185 3196 e
208 3123 302 3228 quod
331 3123 375 3202 ad
397 3124 462 3202 hoo
481 3149 525 3201 ex
544 3122 681 3202 malitia
700 3146 772 3202 non
792 3119 960 3226 procedat
979 3119 1057 3227 (3);
1079 3120 1189 3199 -nisi
1209 3119 1329 3200 lorsan

168 3277 185 3320 ι
208 3261 291 3327 ante
306 3248 582 3353 publicationem
598 3247 633 3326 id
649 3247 758 3326 luerit
772 3260 1010 3354 protestatus3
1029 3247 1123 3326 -vel
1139 3247 1328 3328 ostendere

168 3401 185 3446 ‹
207 3373 352 3478 poterit,
384 3374 480 3479 quod
508 3387 588 3480 post
608 3373 886 3480 publicationem
905 3371 1070 3454 didicerit
1089 3375 1185 3479 quod
1205 3374 1328 3455 obiicit

170 3497 247 3575 ‹in
275 3521 487 3603 personas»
518 3496 591 3604 (l).

235 3691 272 3764 (l)
292 3690 410 3762 Pirhing
431 3689 450 3747 t.
470 3705 494 3746 c.
514 3707 546 3748 n.
566 3693 628 3749 239.
648 3691 739 3750 citans
751 3690 874 3764 Hiltrop.
889 3689 1217 3768 iuprmerotuotctott
1236 3689 1283 3750 tit.
1297 3697 1325 3749 9.

167 3787 353 3942 wwlbbpdabi
372 3871 576 3941 praesentium
594 3873 638 3939 tt,
662 3871 696 3928 ote
714 3869 810 3930 testib.
832 3877 858 3929 ct
876 3875 1006 3930 ottcstct.

234 3956 270 4034 (3)
290 3959 322 4016 Id
342 3959 480 4018 autemst
501 3967 604 4033 agatur
622 3964 717 4018 contra
738 3965 823 4016 testes
841 3973 901 4019 noc
922 3958 1041 4018 omnino
1066 3958 1226 4017 inhabites.
1251 3959 1323 4019 Nato

165 4055 259 4105 contra
280 4055 364 4106 testes
383 4047 513 4106 obsolute
535 4047 690 4114 concoctos,
715 4055 745 4104 ut
768 4055 836 4104 sunt
855 4063 879 4104 e.
901 4063 928 4120 g.
950 4047 1072 4104 inlames
1098 4047 1216 4106 iufamia
1238 4047 1323 4116 iuriS,

167 4137 248 4194 ettam
267 4139 330 4195 sine
348 4138 398 4194 toti
418 4139 579 4194 iuramento
599 4143 661 4208 post
679 4135 781 4193 lecum
796 4135 1019 4208 publicationem
1030 4135 1096 4193 licet
1106 4137 1238 4208 excipere
1253 4137 1326 4210 (Pir-

168 4227 273 4390 supp).
290 4229 542 4386 dionidbbmng
561 4314 580 4372 t
600 4331 625 4372 e.
643 4331 675 4372 n.
696 4316 748 4374 rto
767 4321 793 4372 e
810 4329 884 4387 seqq.
905 4313 940 4370 ne
959 4313 1039 4372 unsre
1063 4313 1178 4373 moruus
1203 4313 1326 4384 alisque

166 4405 462 4464 animadversionibus
482 4405 679 4462 disserentem.

230 4497 367 4544 msnmn.
381 4494 415 4541 tto
428 4489 624 4552 impedimentis.
1251 4494 1277 4538 14
