3446 5298
819 485 856 498 ··-
879 453 937 514 382
959 486 996 500 -
1116 471 1119 482 '
1293 479 1316 528 ρ

317 577 381 656 sed
395 577 508 656 latino
523 603 685 658 sermone
701 592 808 658 erunt
823 579 1095 674 conscribenda,
1117 582 1277 685 exceptis
1292 595 1412 658 tamen
1426 604 1491 657 er-

317 701 506 805 cipiendis,
520 703 687 780 nimirum
699 703 873 796 articulis,
884 703 1182 804 interrogatoriis,
1197 685 1508 808 responsionibus

319 825 363 902 ad
384 852 441 922 ea,
461 839 496 904 et
517 828 711 931 peritorum
740 826 989 922 relationibus;
1013 827 1223 932 praesertim
1246 853 1327 905 vero
1347 826 1491 904 decreta

320 963 356 1028 et
385 954 579 1046 sententia,
611 976 703 1054 qnae
732 952 834 1029 iuxta
863 951 999 1056 priscos
1027 975 1141 1028 mores
1156 951 1224 1029 erit
1254 949 1489 1044 conficienda,
1569 996 1575 1006 ·

320 1073 433 1151 latina
461 1073 584 1176 lingua
613 1073 873 1152 exarabuntur.
897 1079 1086 1152 Praeterea
1116 1100 1194 1152 cum
1216 1099 1355 1151 asacro
1383 1075 1489 1150 Cone.

323 1196 409 1275 trid.
441 1198 545 1300 (sess.
579 1205 644 1276 et.
676 1223 754 1303 cop.
788 1207 852 1278 20.
876 1197 917 1276 de
941 1199 1009 1303 res.
1034 1201 1073 1300 ἓ.
1096 1198 1144 1276 od
1163 1199 1283 1301 boae),
1315 1223 1355 1276 ac
1384 1199 1493 1276 etiam

323 1347 403 1398 as.
435 1347 483 1398 m.
515 1321 650 1400 Bened.
682 1325 762 1400 xlv
801 1323 855 1421 (in
884 1321 945 1400 cit.
969 1324 1121 1401 Constit.
1164 1325 1229 1400 Dei
1269 1323 1495 1400 miseratione

324 1449 363 1546 ς.
398 1444 464 1550 l.)
495 1471 683 1524 cansarum
711 1447 1024 1526 matrimonialium
1048 1449 1203 1550 cognitio
1222 1425 1410 1551 quibusvis
1438 1444 1495 1522 iu-

325 1567 465 1646 dicibus
494 1568 736 1665 inferioribus,
773 1595 843 1648 non
880 1570 1048 1650 obstante
1077 1573 1209 1674 ,quovis
1241 1568 1425 1674 privilegio
1453 1592 1495 1646 ac

325 1693 620 1798 praescriptione,
662 1693 770 1774 luerit
803 1694 966 1788 sublata,
998 1721 1039 1774 ac
1068 1696 1323 1802 Episcoporum
1355 1705 1495 1772 tantum

326 1817 480 1896 examini
510 1831 546 1896 et
575 1817 814 1896 iurisdictioni
843 1831 1023 1897 reservata
1053 1822 1162 1898 etiam
1190 1845 1275 1925 prae
1295 1817 1497 1896 Abbatibus

326 1967 408 2020 vere
436 1939 598 2036 Nullius,
621 1941 703 2020 licet
723 1941 949 2021 cardinalitia
969 1942 1143 2046 dignitate
1159 1941 1379 2046 fulgentibus
1394 1940 1497 2018 iurta
1576 1999 1582 2010 .

327 2090 357 2142 s.
390 2064 682 2166 Congregationis
710 2049 960 2163 resolutiones,
993 2067 1077 2146 hinc
1104 2069 1219 2146 tutius
1247 2067 1330 2159 erit,
1365 2077 1405 2142 ut
1434 2087 1499 2142 ne·

330 2186 415 2266 dum
443 2189 624 2266 sententia
653 2187 870 2292 proleratur,
901 2190 963 2268 sed
992 2192 1101 2270 etiam
1129 2204 1209 2270 aeta
1228 2213 1415 2293 processus
1433 2211 1498 2291 per

330 2311 545 2416 Episcopum
584 2311 639 2390 rel
676 2338 739 2418 per
767 2313 1044 2394 ecclesiasticam
1076 2339 1263 2420 personam
1296 2311 1498 2416 specialiter

331 2433 446 2512 abeo
475 2433 709 2537 delegandam
737 2436 986 2518 conficiantur.
1018 2425 1023 2436 ’

408 2559 514 2638 Hisce
544 2560 763 2664 praemissis,
794 2561 935 2666 quoties
964 2562 1094 2666 aliquis
1124 2589 1167 2641 er
1202 2559 1414 2666 coniugibus
1443 2561 1500 2637 in-

329 2682 501 2762 stantiam
530 2683 566 2760 in
595 2683 738 2787 scriptis
767 2685 922 2789 porriget
942 2711 1049 2791 super
1068 2687 1236 2766 nullitate
1264 2683 1496 2778 matrimonii,

328 2807 526 2912 Episcopus
554 2807 728 2902 Iudicem,
760 2807 790 2886 si
819 2808 919 2904 velit,
951 2807 1148 2912 delegabit,
1180 2807 1309 2887 deinde
1338 2809 1414 2912 ipse
1443 2803 1500 2883 vel

329 2930 438 3010 iudex
466 2930 653 3033 delegatus
681 2931 783 3009 citari
810 2931 993 3010 mandabit
1014 2932 1241 3012 Defensorem
1266 2927 1498 3023 matrimonii,

326 3067 506 3158 quatenus
535 3055 572 3130 in
601 3053 706 3132 Curia
734 3055 926 3160 episcopali
951 3058 1021 3134 iam
1040 3056 1236 3160 deputatus
1264 3053 1413 3148 existat,
1437 3053 1499 3130 sin

330 3179 478 3275 minus,
496 3177 662 3255 idoneum
691 3178 806 3256 virum
835 3178 1024 3284 deputabit
1054 3179 1097 3257 iis
1131 3177 1369 3282 qualitatibus
1397 3201 1503 3281 prae-

330 3316 503 3398 stantem,
534 3327 625 3406 quas
653 3303 819 3408 superins
847 3317 1041 3384 memorata
1071 3303 1267 3382 Constitut.
1300 3327 1330 3379 s.
1354 3326 1402 3378 m.
1434 3303 1502 3378 Be·

332 3426 466 3506 nedicti
492 3429 573 3504 xlv
601 3427 766 3530 requirit,
798 3451 951 3531 eumque
979 3427 1083 3504 citari
1101 3425 1302 3505 mandabit.
1329 3423 1504 3504 Defenso-

332 3552 382 3628 ris
409 3548 626 3628 matrimonii
654 3549 722 3628 erit
737 3549 894 3654 praefixa
910 3549 967 3628 die
992 3548 1160 3628 accedere
1180 3549 1225 3627 ad
1245 3547 1502 3654 praestandum

332 3675 589 3770 iuramentum,
631 3699 668 3752 se
710 3699 840 3752 munus
882 3699 987 3752 suum
1014 3673 1205 3776 diligenter
1233 3687 1269 3752 et
1298 3674 1503 3777 incorrupte

253 3889 256 3896 ¹
332 3797 573 3902 expleturum,
618 3811 655 3878 et
691 3797 809 3876 omnia
847 3821 933 3876 voce
970 3823 1011 3876 ac
1051 3797 1195 3902 scriptis
1235 3795 1498 3888 deducturum,

332 3945 426 4026 quae
462 3920 508 3998 ad
546 3921 766 4001 validitatem
805 3921 1022 4000 matrimonii
1059 3917 1306 3999 sustinendam
1344 3917 1504 3996 conferre

334 4057 517 4150 poterunt.
557 4049 747 4124 Praeterea
784 4045 843 4124 bic
878 4041 1048 4122 Defensor
1086 4041 1301 4122 matrimonii
1338 4038 1504 4120 citandus

332 4169 403 4248 erit
429 4169 477 4247 od
504 4168 678 4275 quaelibet
705 4181 806 4256 ueto,
845 4194 888 4248 ae
926 4170 1014 4248 uitio
1049 4166 1229 4246 nullitott's
1271 4168 1351 4272 ipso
1388 4165 1503 4244 tobes-

335 4305 418 4372 cant
460 4294 534 4399 (1).
576 4296 678 4398 Ipsi,
718 4294 780 4398 qui
818 4317 881 4396 pro
917 4291 1132 4372 sacramenti
1174 4289 1359 4368 validitate
1401 4303 1499 4384 stat,

407 4452 444 4522 (lt
464 4455 506 4511 Ex
524 4453 572 4511 cit.
595 4455 690 4511 const.
710 4451 740 4523 S.
755 4453 783 4508 t.
