3424 5300
658 495 694 508 -
720 459 835 522 165-

149 607 247 691 quac
275 583 424 662 omnino
444 583 694 692 requiruntur,
717 583 1079 688 utaliqoasustineri
1107 595 1218 688 queat
1245 609 1331 664 cou-

158 706 311 800 suetudo
349 709 422 788 or'm
451 703 535 814 lepis
564 707 706 790 babeas.

243 832 475 940 Exploratum
503 833 647 940 quidem
676 849 744 932 εει,
779 833 1063 914 consuetudinem
1092 835 1162 914 illis
1189 835 1331 942 praedi-

156 969 229 1034 tam
257 955 541 1054 conditionibus
573 984 665 1064 quae
694 959 910 1038 acommuni
937 957 1014 1038 iure
1043 970 1200 1038 statutae
1228 972 1326 1054 sunt,

17 1095 19 1146 ἱ
156 1079 273 1158 valere
302 1093 374 1160 tam
402 1080 448 1160 ad
476 1080 717 1184 abrogandam
747 1081 815 1160 iam
843 1095 1038 1178 extantem,
1061 1107 1167 1186 quam
1198 1079 1241 1158 ad
1264 1108 1329 1160 no-

159 1230 238 1284 ram
266 1205 551 1288 constituendam
578 1205 704 1309 legem.
1149 1287 1155 1300 ,

236 1333 312 1411 Iam
340 1354 423 1410 raro
460 1330 593 1438 plures,
624 1335 715 1437 quas
752 1331 911 1434 congerit
942 1329 1064 1410 Glossa
1094 1329 1168 1433 (1),
1199 1327 1323 1408 condi-

115 1454 129 1476 ·
159 1453 275 1532 tiones
302 1453 482 1534 commode
510 1481 591 1536 cum
618 1455 794 1538 Leureuio
822 1455 881 1560 (2)
911 1454 956 1534 ad
986 1455 1076 1534 duas
1104 1454 1227 1534 referri
1246 1483 1329 1564 pos-

156 1592 256 1674 sunt,
296 1579 432 1660 scilicet
461 1593 501 1658 ut
538 1579 758 1659 comuetudo
787 1580 834 1660 sit
867 1577 1112 1666 rationabilis,
1142 1593 1178 1660 ει
1211 1593 1252 1658 ut
1279 1579 1326 1658 sit

159 1700 316 1806 lepitimc
337 1705 575 1810 praescripto.

238 1827 420 1906 censenda
449 1842 567 1908 autem
596 1843 651 1908 cst
679 1828 893 1908 rationabilis
913 1853 954 1906 ea
975 1829 1210 1924 consuetudo,
1232 1850 1323 1933 quae

158 1951 205 2030 sit
233 1950 276 2028 dc
305 1977 342 2030 re
372 1951 522 2032 honesta
541 1967 577 2034 et
597 1953 677 2032 utili
699 1953 920 2058 reipublicae
938 1977 1001 2032 seu
1022 1953 1198 2032 communi
1217 1951 1323 2032 bono.

160 2076 328 2154 Doctores
347 2073 494 2180 quidam
514 2076 761 2156 rationabilem
780 2101 857 2156 esse
877 2075 1001 2154 dicunt
1016 2077 1323 2172 consuetudinem,

158 2221 253 2302 quae
267 2199 366 2278 nullo
385 2199 598 2306 reprobatur
626 2201 717 2280 iuro.
742 2199 923 2308 Siquidem
942 2200 1039 2280 aliud
1055 2214 1109 2282 est
1127 2201 1224 2306 quod
1240 2228 1325 2282 cou-

160 2321 313 2402 suetudo
340 2322 548 2404 adversetur
576 2325 811 2428 (inchoativo)
827 2325 908 2428 ¹legi
936 2325 1120 2421 existenti,
1150 2327 1234 2432 quia
1263 2352 1328 2408 ex·

160 2441 307 2546 podiens
321 2445 480 2526 eiusdem
499 2447 769 2528 consuetudinis
788 2475 874 2528 usus
893 2463 930 2530 ει
948 2449 1184 2543 continuatio,
1201 2475 1327 2554 quam-

159 2568 213 2648 vis
240 2567 358 2650 lorsan
386 2571 612 2678 culpabiliter
640 2575 824 2678 incoeptae
858 2586 894 2652 ct
921 2571 1106 2670 inductam
1129 2587 1208 2653 -et
1228 2573 1324 2654 aliud

155 2707 213 2772 est
240 2694 335 2799 quod
362 2696 582 2775 cousuetudo
611 2695 851 2802 reprobeturo
872 2696 945 2800 lupe
971 2723 1014 2774 oc
1038 2695 1283 2802 prohibeatur.
1303 2744 1326 2758 -

159 2820 201 2894 ln
228 2815 338 2896 dubio
374 2833 493 2900 autem
526 2820 574 2902 rle
602 2819 720 2898 valore
757 2819 1041 2916 consuetudinis,
1074 2819 1104 2898 si
1136 2819 1225 2900 baec
1251 2819 1318 2922 legi

159 2955 361 3048 opponatur
388 2943 579 3038 duntaxat,
612 2943 909 3050 praesumendum
942 2958 998 3023 est
1024 2943 1144 3025 lavore
1171 2968 1321 3022 consue·

159 3065 318 3162 tudinis;
342 3066 417 3146 -si
450 3080 572 3148 contra
605 3067 793 3174 reprobata
823 3067 948 3172 alege
979 3069 1025 3146 sit
1059 3093 1099 3144 ao
1128 3066 1322 3174 prohibita,

158 3187 328 3268 standum
363 3203 417 3270 ast
446 3217 510 3298 pro
537 3191 628 3296 lego,
660 3206 697 3271 ει
724 3191 944 3272 consuetudo
982 3189 1241 3296 praesumenda
1270 3204 1325 3268 ost

160 3313 414 3400 irrationabilis
442 3317 459 3421 l
486 3321 516 3421 l.

240 3447 277 3518 l.
308 3439 481 3520 Habenda
510 3441 656 3546 iusuper
675 3453 729 3520 est
749 3441 802 3520 uti
830 3438 985 3547 lepitr'me
998 3437 1220 3544 praescripto
1240 3462 1323 3517 cou-

160 3562 312 3645 suetudo
339 3590 450 3670 quum
478 3565 631 3668 riguerit
660 3579 816 3669 tempore
834 3561 880 3640 ad
899 3561 1214 3674 praescriptionem
1232 3587 1252 3638 a
1273 3561 1323 3638 le-

160 3687 264 3790 gibus
292 3689 464 3792 requisito
492 3688 566 3794 (t).
597 3693 704 3767 loxta
732 3701 850 3767 autem
878 3687 1151 3764 communiorem
1178 3696 1323 3762 senten·

157 3812 260 3908 tiam,
300 3811 521 3892 consuetudo
549 3811 702 3891 babetur
730 3814 784 3892 uti
812 3811 983 3916 longaevo
1012 3807 1121 3888 etad
1149 3809 1323 3914 praescri-

159 3935 315 4016 bendum
356 3937 549 4032 sufficiens,
589 3935 732 4040 quando
765 3962 831 4042 per
867 3936 1073 4014 decennium
1107 3935 1321 4012 continuatis

752 4069 762 4102 Ο

228 4119 268 4192 (1)
288 4125 320 4178 lu
339 4136 402 4194 cap.
422 4121 474 4194 fin.
494 4123 527 4180 dc
545 4123 758 4182 masuetudiue.

113 4199 116 4207 '
231 4209 268 4281 lt)
289 4210 462 4268 Laureolus:
484 4209 755 4272 rorumccoteatarc.
776 4211 827 4268 rto.
852 4217 876 4264 r.
897 4211 944 4268 tit.
967 4216 991 4264 t.
1012 4218 1121 4282 quomo.
1141 4212 1194 4268 573
1205 4215 1319 4281 etreqq.

230 4296 267 4370 (3)
286 4298 423 4368 sarcum,
434 4302 518 4358 suar.
527 4299 851 4370 salaacrstropmaiet.
860 4298 961 4354 citatio
974 4297 1112 4356 teurenio
1120 4295 1173 4354 tib.
1190 4300 1214 4349 t.
1229 4296 1279 4354 tit.
1291 4301 1319 4349 t.

155 4384 194 4440 rte
211 4385 380 4442 mercaturi.
400 4393 511 4459 quaeat.
530 4391 593 4443 375.
612 4387 661 4444 etr
679 4385 764 4444 etiam
781 4400 837 4456 aeq.
858 4392 971 4459 quomt.
992 4388 1054 4441 57⁶.
1328 4376 1335 4394 ¹

232 4473 268 4543 tl)
289 4477 409 4532 teuroo.
436 4475 456 4532 t.
476 4493 499 4532 r.
519 4483 630 4547 quaml.
651 4479 713 4532 577.
