3446 5298
455 606 459 614 '
567 581 962 696 APPENDIX

302 818 519 915 Quorundam
549 833 843 950 monumentorum
872 827 1088 932 apomotioee
1116 824 1219 906 Setis

224 965 315 1045 teet
342 946 475 1046 morin
504 947 536 1028 in
565 956 710 1052 utraque
742 952 841 1036 tinius
869 953 986 1058 operia
1014 957 1116 1054 parto
1144 949 1303 1030 clamne.

661 1187 811 1194 -—-—.-..
831 1189 870 1194 --

737 1325 771 1410 Ι.

393 1525 1137 1608 CONSTITUTIO

452 1794 455 1802 ,
564 1707 785 1788 littorali
807 1709 865 1789 PP.
891 1711 961 1790 llv

183 1887 224 1942 In
245 1899 317 1954 qua
335 1885 591 1954 praescribitur
611 1887 697 1942 ordo
719 1889 754 1942 et
783 1883 893 1942 forma
920 1887 958 1943 ln
988 1887 1137 1946 iudiciis
1159 1890 1348 1946 causarum

262 1979 573 2037 matrimonialium
612 1995 719 2052 super
751 1983 1052 2040 matrimoniorum
1087 1985 1269 2043 validitate
1295 1987 1351 2043 vel

261 2079 427 2136 nullitate
446 2079 654 2138 deolerenda
673 2081 875 2138 servandus.
897 2081 936 2150 (1)

413 2247 1121 2318 BENEDICTUS

647 2403 891 2471 EPISCOPUS

476 2569 668 2610 SERVUS
690 2569 958 2612 SERVORUM
978 2571 1056 2612 DEI

541 2690 580 2748 ll
600 2690 750 2764 preprium
775 2691 814 2748 rei
840 2692 991 2750 nemerim

264 2912 327 2990 Dei
342 2909 582 3003 miseratione,
592 2911 695 2988 ouius
709 2910 840 2989 iudicia
855 2905 1227 3016 incomprehensibilia
1246 2921 1345 3004 sunt,

184 3051 222 3116 et
243 3037 322 3115 riae
350 3034 685 3136 investigabilem
710 3059 874 3140 suprema
903 3035 1082 3114 Ecclesiae
1110 3033 1255 3139 specula
1274 3034 1350 3113 ,irn-

185 3177 362 3242 merentes
381 3163 580 3256 constituti,
612 3175 652 3240 ut
680 3187 788 3267 snper
807 3162 1012 3242 universum
1030 3162 1248 3242 dominicum
1270 3187 1350 3265 gre-

185 3313 264 3392 gem
292 3285 461 3366 excubias
489 3285 613 3364 sedulo
642 3309 801 3387 agamus,
833 3285 879 3364 ad
898 3287 1131 3396 commissum
1160 3286 1349 3391 pastoralis

186 3411 291 3490 officii
320 3437 450 3489 munos
479 3411 656 3516 pertinere
684 3409 922 3513 dignoscimus
950 3413 1208 3492 subnascentes
1231 3440 1275 3492 en
1295 3414 1352 3492 in·
1404 3507 1406 3512 ,

186 3535 332 3616 iernalis
347 3535 460 3614 hostis
488 3536 634 3628 astutia,
667 3548 702 3612 et
730 3534 912 3614 hominum
940 3535 1075 3615 malitia
1095 3537 1244 3631 abusus,
1267 3538 1349 3642 qni-

186 3661 254 3740 bus
281 3674 318 3740 et
346 3660 543 3738 animarum
562 3659 670 3738 saluti
702 3659 891 3762 pernicies,
922 3673 958 3739 et
977 3661 1208 3740 sacramentis
1227 3663 1349 3742 Eccle-

188 3786 260 3863 siae
276 3785 408 3862 iniurin
424 3783 589 3877 insertur,
607 3782 779 3861 radicitus
794 3783 959 3878 evellere,
978 3797 1014 3862 et
1033 3785 1222 3890 potestatis
1241 3785 1350 3864 Nobis

187 3911 340 4015 desuper
367 3907 521 3986 traditae
549 3930 691 4011 operam
719 3908 961 4012 interponere,
993 3923 1035 3988 ut
1062 3923 1098 3988 et
1117 3909 1274 3988 humana
1293 3933 1352 3988 ec-

257 4084 293 4157 tl)
314 4087 386 4141 Pena
405 4090 460 4139 tota
482 4083 551 4136 haec
569 4081 738 4137 constitutio
758 4081 786 4136 in
806 4096 838 4136 eo
858 4091 999 4152 uersatur,
1019 4071 1051 4140 n't
1070 4085 1193 4142 indicem
1214 4087 1351 4156 deputan-

187 4171 266 4240 dum,
286 4171 412 4228 cilicium
431 4169 591 4226 defensoris
610 4169 783 4224 matrimonii
804 4171 991 4239 explendum,
1006 4175 1211 4230 sententiarum
1226 4175 1351 4244 denique

187 4260 317 4316 valorem
339 4271 366 4317 et
385 4261 517 4319 eflectum
537 4260 629 4316 edicat
647 4266 674 4315 et
693 4261 811 4315 sanciat.
832 4291 850 4299 -
870 4263 944 4316 Haec
963 4269 1058 4317 autem
1080 4261 1170 4316 insius
1189 4261 1350 4318 enucleavi-

192 4362 257 4406 mus
278 4350 324 4406 bie
341 4358 421 4422 port.
443 4355 469 4406 t.
489 4365 553 4420 cop.
574 4355 600 4404 6.
622 4347 677 4404 ubi
694 4348 727 4403 de
745 4347 808 4420 soro
827 4357 1006 4420 competente,
1023 4349 1057 4405 de
1072 4359 1245 4419 praemonet
1271 4348 1350 4406 iudi·

190 4439 234 4496 cio
251 4439 287 4496 e'm
304 4441 402 4496 causis
420 4437 709 4496 matrimonialiter.
