3446 5298
885 433 1060 493 -368-

387 555 556 635 hibentur
576 557 772 649 temeritas,
805 569 841 636 et
860 553 1063 634 vetueranda
1089 553 1242 630 ¹diuinae
1279 552 1367 654 legis
1391 567 1554 632 seruetur

388 681 596 758 auctoritas.

465 805 503 902 ἓ.
540 815 573 882 1.
597 803 780 908 Siquidem
803 804 1019 887 matrimonii
1048 801 1173 880 foedus
1201 804 1313 877 aDeo
1332 799 1552 891 institutum,

385 928 481 1032 quod
508 941 544 1006 et
572 943 752 1033 quatenns
782 941 932 1006 naturae
970 925 1124 1004 officinm
1152 938 1221 1016 est,
1252 947 1317 1027 pro
1347 921 1554 1002 educandae

385 1051 494 1155 prolis
523 1051 658 1144 studio,
690 1051 841 1158 aliisque
870 1049 1084 1127 matrimonii
1115 1047 1218 1127 bonis
1246 1047 1446 1141 servandis,
1474 1071 1555 1152 per-

387 1187 535 1278 petuum
563 1187 599 1253 et
628 1173 877 1252 indissolubile
905 1197 983 1250 esso
1012 1173 1195 1266 convenit3
1227 1183 1263 1248 et
1295 1184 1477 1275 quatenos
1500 1182 1554 1246 est

384 1300 580 1378 catholicae
601 1299 778 1378 Ecclesiae
798 1312 1074 1408 sacramentum,
1090 1297 1245 1374 bumana
1265 1294 1553 1400 praesumptione

385 1425 532 1504 dissolvi
562 1449 633 1502 non
670 1448 787 1530 posse,
820 1424 982 1502 Salvator
1011 1423 1086 1528 ipse
1115 1449 1174 1500 ore
1212 1449 1277 1500 suo
1304 1419 1555 1526 pronunciavit

385 1549 530 1628 dicens:
566 1549 665 1640 Quod
683 1557 776 1626 Deos
796 1548 999 1634 cortiunait,
1029 1547 1129 1624 bomo
1148 1573 1218 1624 oon
1238 1559 1397 1652 separet,·
1424 1546 1470 1623 ad
1491 1573 1555 1622 au-

390 1697 447 1748 res
474 1673 703 1776 apostolatus
732 1671 851 1750 Nostri
874 1673 1052 1775 pervenit,
1085 1671 1122 1748 io
1145 1670 1361 1774 quibusdam
1386 1669 1555 1748 ecclesia-

388 1790 487 1868 sticis
517 1793 631 1868 Curiis
660 1791 861 1869 inconsulta
891 1791 997 1868 ninais
1015 1790 1172 1868 iudicum
1197 1789 1367 1868 facilitate
1392 1789 1552 1892 inlringi,

384 1928 420 1992 et
440 1928 571 1992 temere
591 1927 700 2018 atque
725 1913 985 1992 inconsiderate
1014 1913 1058 1992 de
1081 1912 1284 1992 eorumdem
1313 1913 1556 1992 matrimonio·

385 2065 462 2116 rum
482 2039 647 2118 nullitate
668 2039 750 2116 latis
770 2039 973 2132 sententiis
996 2051 1210 2142 potestatem
1238 2037 1448 2139 coniugibus
1479 2037 1553 2114 lieri

389 2162 600 2240 transeundi
628 2163 673 2240 ad
702 2161 768 2240 alia
800 2175 896 2240 vota.
928 2165 1022 2250 Quos
1051 2187 1137 2240 sane
1166 2160 1381 2266 improvidos
1420 2160 1555 2239 iudices

386 2286 563 2364 humanae
592 2299 741 2364 naturae
781 2284 983 2364 conditione
1012 2299 1047 2362 ot
1076 2310 1159 2364 uoce
1189 2285 1265 2389 ipsa
1294 2283 1554 2389 quodammodo

386 2411 567 2490 admoneri
596 2409 797 2513 oportebat,
829 2433 873 2486 no
902 2423 973 2486 tam
1002 2409 1188 2513 praecipiti
1212 2407 1361 2486 audacia
1389 2421 1553 2487 sanctum

384 2534 599 2612 matrimonii
637 2559 768 2611 nexum
805 2530 1024 2635 frangerent,
1056 2557 1160 2636 quem
1198 2544 1411 2636 perpetuum
1444 2545 1553 2636 atque

384 2656 667 2735 indissolubilem
706 2655 843 2760 primus
871 2656 1017 2734 humani
1053 2656 1193 2758 generis
1222 2681 1352 2759 parens
1389 2681 1553 2760 praemo-

386 2781 465 2858 nuit
494 2781 681 2883 inquiens:
714 2787 784 2856 Hoc
812 2804 904 2856 rcunc
933 2805 967 2856 os
994 2767 1040 2858 en
1061 2778 1193 2856 ossibus
1217 2779 1319 2864 meis,
1348 2791 1380 2854 et
1408 2805 1493 2855 coro
1512 2779 1554 2857 de

382 2927 491 2982 corne
519 2927 612 2988 mee,
642 2915 678 2980 et
706 2901 793 2978 illud
815 2901 975 2980 additum
1004 2915 1080 2980 est:
1116 2901 1348 2992 Quamobrem
1377 2901 1552 3006 relinquet

381 3027 480 3104 bomo
495 3038 637 3131 petrem
664 3051 768 3102 suum
786 3037 820 3102 et
839 3037 1005 3111 matrem,
1026 3024 1282 3103 erectaerecta
1305 3025 1414 3102 acori
1447 3049 1551 3111 soce,

382 3163 415 3227 et
443 3149 640 3226 eruotrdno
663 3148 701 3225 in
729 3173 835 3225 corne
863 3173 949 3225 ooo.

461 3277 500 3374 ἓ.
532 3283 570 3351 2.
603 3273 814 3352 Huiusmodi
835 3286 953 3350 autem
982 3273 1177 3352 abolendae
1205 3274 1396 3378 pravitatis
1422 3277 1551 3354 notitia

382 3396 532 3476 diversis
561 3395 796 3500 expertibus
825 3397 935 3475 Nobis
954 3397 1072 3476 delata
1102 3411 1169 3492 est,
1193 3411 1300 3503 atque
1329 3400 1438 3476 otiam
1459 3399 1553 3477 indi-

382 3533 462 3598 cata
490 3533 575 3598 sunt
603 3522 764 3625 exempla
793 3523 1046 3601 nonnullorum
1074 3525 1243 3619 uirorum,
1274 3524 1336 3627 qui
1369 3539 1450 3627 post
1479 3525 1552 3628 pri-

380 3673 470 3724 mam
500 3661 535 3724 et
567 3646 758 3725 secundam
787 3673 828 3724 au
847 3649 1002 3741 tertiam,
1033 3629 1140 3752 quam
1178 3648 1368 3741 eluxerunt,
1402 3673 1550 3726 uxorem

384 3770 429 3849 ob
457 3771 600 3848 nimiam
635 3771 790 3849 iudicum
824 3773 1131 3878 praecipitantium
1162 3775 1197 3850 in
1230 3774 1396 3850 nullitate
1425 3772 1551 3850 matri-

381 3895 578 3972 moniorum
615 3895 844 3990 declaranda,
877 3896 994 3974 adbuc
1032 3897 1102 3974 illis
1129 3900 1252 4001 primis
1281 3897 1455 3976 uxoribus
1484 3925 1548 3976 su-

383 4018 622 4123 perstitibus,
655 4019 699 4096 ad
737 4035 885 4124 quartas
919 4019 1181 4100 contrahendas
1208 4021 1355 4124 nuptias
1396 4019 1552 4098 devene-

380 4155 482 4238 rant;
514 4143 727 4223 etsimiliter
763 4143 996 4236 lemioarum,
1028 4167 1120 4247 quae
1139 4158 1221 4248 post
1238 4145 1551 4250 primum,seoun-

379 4265 463 4343 dum
497 4279 532 4345 et
566 4267 710 4344 tertium
743 4267 933 4362 maritum,
969 4279 1098 4370 quarto
1131 4269 1251 4361 etiam,
1289 4267 1359 4346 illis
1406 4293 1549 4373 quoque

377 4387 597 4484 viventibus
629 4415 666 4468 se
695 4389 904 4484 iunxerant,
937 4415 1007 4470 non
1035 4393 1111 4469 sine
1132 4391 1342 4496 pusillorum
1362 4391 1544 4487 scandalo,
