3424 5300
901 414 1078 478 -ltss-

394 559 553 630 noorurn,
586 536 744 642 exceptis
772 536 915 616 casibus
943 537 987 616 de
1006 538 1083 616 inre
1103 536 1340 644 excipiendis;
1363 536 1554 644 Episcopus

393 659 525 766 aliique
555 661 694 740 Prolati
721 661 1002 742 iurisdictionem
1029 665 1132 768 quasi
1160 662 1395 768 episcopalem
1416 663 1453 740 in
1472 662 1556 742 suh-

391 785 485 866 ditos
514 787 706 886 hahentes;
743 787 903 866 Vicories
930 785 1107 894 generalis
1136 787 1301 894 Episcopi
1330 786 1344 890 (
1374 787 1403 892 ).

471 923 534 994 22.
567 914 619 993 hd
639 939 746 1019 rogos
766 913 861 1020 quod
890 916 1021 994 attinet
1048 926 1214 1018 respectu
1246 913 1475 1008 matrimonii,
1494 940 1558 994 on·

390 1063 473 1142 gono
502 1038 626 1118 delinit
654 1035 869 1118 Benedictus
887 1039 967 1118 XIV
983 1038 1042 1145 (ἓ)
1058 1038 1120 1144 qui
1140 1037 1261 1117 relicto
1280 1063 1342 1115 sao
1361 1036 1554 1122 domicilio,
1580 1121 1587 1140 ‚

391 1163 503 1244 sedem
519 1164 557 1242 io
577 1163 707 1244 ceteris
727 1162 832 1242 torris
853 1163 1022 1270 inquirit,
1043 1178 1084 1243 ut
1103 1189 1146 1242 ex
1162 1163 1239 1241 iure
1259 1163 1552 1268 deprehenditur,

391 1302 427 1368 et
455 1289 521 1368 hoc
550 1292 624 1368 sire
655 1288 723 1366 iarn
754 1288 881 1368 statuit
909 1287 971 1367 uhi
999 1286 1120 1368 sedem
1147 1287 1384 1366 collocaturus
1399 1289 1459 1382 sit,
1481 1269 1558 1366 sive*

391 1434 462 1490 non
491 1407 565 1516 (3).

476 1541 650 1639 Vaporem
679 1545 798 1613 autem
827 1533 1003 1636 parochus
1018 1533 1047 1612 is
1067 1533 1197 1612 dicitur
1226 1533 1262 1611 in
1291 1534 1393 1612 ouius
1421 1531 1553 1610 ditione

391 1659 442 1738 illi
472 1671 661 1738 versantur
690 1657 763 1760 (l).

472 1793 536 1863 ⁹23.
568 1782 805 1862 Statnendunr
840 1783 1003 1872 secando,
1042 1795 1125 1889 quot
1153 1795 1185 1862 et
1205 1782 1323 1888 quoles
1354 1794 1453 1861 testes
1481 1808 1554 1860 rna-

395 1909 560 1990 trimonio
589 1907 712 1988 adesso
742 1907 910 1988 debeant.
946 1908 1338 2014 ‹Praeterparochurn
1366 1907 1553 2012 requirun-

392 2051 451 2115 tur
479 2051 516 2114 et
535 2033 718 2114 sufficiunt
746 2034 817 2112 duo
836 2047 945 2114 testes
969 2065 1003 2111 ›.
1027 2038 1173 2112 Constat
1191 2058 1235 2112 en
1255 2031 1492 2136 Tridentino(
1521 2029 1549 2135 ),

390 2163 485 2268 quod
514 2161 639 2264 erigit,
671 2175 711 2240 ut
739 2160 810 2240 duo
838 2161 892 2239 vel
927 2175 999 2240 tres
1038 2173 1148 2240 testes
1184 2185 1256 2238 una
1295 2185 1373 2238 curn
1402 2157 1552 2265 parocho

391 2289 616 2370 rnatrirnonio
644 2287 826 2366 intersint.

469 2411 522 2491 hd
550 2414 695 2492 testium
723 2407 933 2514 qualitatem
964 2408 1058 2513 quod
1093 2410 1241 2490 attinet:
1285 2408 1549 2514 ‹Requiritur‚

393 2549 432 2615 ut
463 2550 587 2632 testes,
619 2534 682 2640 qui
710 2533 887 2638 coniugali
925 2536 1123 2614 contractui
1161 2537 1348 2629 assistunt,
1389 2535 1462 2612 sint
1489 2558 1553 2610 asu

337 2687 338 2690 ‘
392 2662 544 2744 rationis
571 2659 748 2766 praediti,
777 2672 818 2738 ut
845 2658 1048 2760 intelligant
1075 2673 1112 2738 et
1140 2657 1329 2738 advertant
1357 2656 1443 2762 quid
1471 2682 1556 2759 aga-

392 2800 465 2868 tur.
489 2832 512 2846 -
532 2791 701 2876 Ceterum,
722 2809 795 2864 non
823 2782 1032 2888 requiritur,
1063 2797 1104 2862 ut
1131 2783 1205 2862 sint
1232 2781 1325 2862 onrni
1346 2783 1552 2888 exceptione

388 2910 551 3005 maiores,
583 2908 646 2990 sed
674 2908 857 2988 sufficiunt
893 2907 1184 3012 qualescumque.
1216 2905 1319 2986 Unde
1351 2905 1458 2985 etiarn
1487 2907 1553 2984 irn-

390 3033 557 3137 pubereS,
586 3032 750 3128 lerninae,
774 3045 955 3138 parentes,
975 3031 1245 3133 consanguinei,
1264 3029 1461 3124 domestici,
1480 3055 1556 3108 ser-

391 3159 440 3254 vi,
471 3159 642 3262 religiosi,
674 3155 980 3252 excommunicati,
999 3155 1161 3252 infames,
1179 3155 1340 3234 infideles
1355 3155 1551 3250 sufficiunt,

390 3296 429 3362 ut
458 3308 575 3362 coram
604 3282 674 3361 illis
708 3282 869 3361 contrahi
907 3279 1023 3359 valida
1057 3280 1168 3386 possit
1200 3279 1445 3381 coniugium»
1476 3280 1491 3384 (
1520 3275 1550 3382 ).

389 3407 635 3490 Tridentinum
663 3408 757 3486 enirn
786 3405 980 3500 deoroturu,
1012 3431 1090 3483 ourn
1111 3405 1166 3482 ins
1186 3427 1368 3482 oomrnune
1383 3405 1552 3505 corrigat,

459 3696 497 3770 (l)
518 3695 587 3752 Vide
608 3693 779 3750 Laureolum
802 3691 854 3748 lib.
876 3696 901 3746 t.
922 3689 970 3748 to't.
990 3695 1017 3746 5.
1037 3695 1150 3762 quaest.
1173 3694 1304 3746 lta-rte.

459 3785 497 3858 (t)
518 3785 570 3841 uu.
590 3787 662 3840 Irrst.
683 3781 747 3839 eccl.
768 3786 814 3838 55.
835 3796 867 3836 o.
890 3785 931 3836 to.

460 3875 495 3947 (3)
515 3873 639 3930 Sanohez
660 3871 711 3928 tto.
732 3875 759 3928 3.
781 3871 856 3942 disp.
876 3873 919 3925 25.
939 3885 971 3926 rt.
991 3875 1017 3925 5.

458 3961 494 4035 (4)
515 3961 585 4018 Vide
603 3963 726 4018 Perrone
748 3959 767 4016 t.
787 3975 811 4016 c.
830 3973 901 4030 pop.
922 3961 1055 4022 too-rar,
1078 3963 1104 4012 et
1116 3955 1238 4012 aliorum
1254 3957 1419 4028 opinionem
1433 3957 1499 4016 ride
1511 3959 1553 4017 ia·

284 4042 288 4052 “
388 4053 429 4108 na
451 4053 479 4107 in
494 4050 540 4106 on.
562 4050 679 4120 cerepi.
702 4053 726 4103 r.
747 4065 778 4105 a.
798 4053 843 4104 ss.

398 4187 400 4196 ,
459 4143 493 4208 l5r
512 4143 582 4196 Sese.
603 4145 647 4193 24.
667 4151 731 4208 cap.
753 4142 779 4193 r.
800 4137 834 4192 dc
851 4137 972 4210 rosorrir.
992 4137 1083 4192 radtr.

407 4309 411 4317 ,
459 4246 493 4319 (6)
513 4245 648 4312 sacchar,
668 4245 817 4310 Guttieren
832 4241 1040 4313 Castropalaus,
1055 4239 1174 4313 Pirhing
1185 4211 1260 4298 citati
1275 4257 1288 4297 a
1304 4245 1442 4301 Laurenio
1457 4244 1509 4302 lib.
1526 4253 1556 4302 4.

389 4335 434 4392 tit.
454 4339 481 4390 ὅ.
501 4340 611 4406 quaest.
632 4338 692 4388 452.
714 4345 780 4388 cunr
799 4331 957 4388 communi.
975 4363 992 4371 -
1004 4331 1146 4388 Benedict.
1167 4331 1420 4402 retroaspicere
1439 4331 1492 4389 lib.
1507 4339 1555 4392 ra.

388 4438 451 4496 cap.
472 4429 516 4479 23.
537 4440 567 4480 rc.
588 4429 614 4477 6.
