<?xml version="1.0" encoding="UTF-8"?>
<!DOCTYPE html PUBLIC "-//W3C//DTD XHTML 1.0 Transitional//EN"
    "http://www.w3.org/TR/xhtml1/DTD/xhtml1-transitional.dtd">
<html xmlns="http://www.w3.org/1999/xhtml" xml:lang="en" lang="en">
 <head>
  <title>
</title>
<meta http-equiv="Content-Type" content="text/html;charset=utf-8" />
  <meta name='ocr-system' content='tesseract 3.04.00' />
  <meta name='ocr-capabilities' content='ocr_page ocr_carea ocr_par ocr_line ocrx_word'/>
</head>
<body>
  <div class='ocr_page' id='page_1' title='image "./deimpedimentism00mansgoog_0014.png"; bbox 0 0 3444 5302; ppageno 0'>
   <div class='ocr_carea' id='block_1_1' title="bbox 463 661 1092 714">
    <p class='ocr_par' dir='ltr' id='par_1_1' title="bbox 463 661 1092 714">
     <span class='ocr_line' id='line_1_1' title="bbox 463 661 1092 714; baseline -0.005 -1"><span class='ocrx_word' id='word_1_1' title='bbox 463 663 669 714; x_wconf 72' lang='lat' dir='ltr'>nnrnnurrssuo</span> <span class='ocrx_word' id='word_1_2' title='bbox 682 663 714 713; x_wconf 78' lang='lat' dir='ltr'>AG</span> <span class='ocrx_word' id='word_1_3' title='bbox 727 662 958 713; x_wconf 70' lang='lat' dir='ltr'>REVERENDISSIMO</span> <span class='ocrx_word' id='word_1_4' title='bbox 978 661 1092 712; x_wconf 73' lang='lat' dir='ltr'>Portum</span> 
     </span>
    </p>
   </div>
   <div class='ocr_carea' id='block_1_2' title="bbox 217 849 1355 932">
    <p class='ocr_par' dir='ltr' id='par_1_2' title="bbox 217 849 1355 932">
     <span class='ocr_line' id='line_1_2' title="bbox 217 849 1355 932; baseline -0.003 -4"><span class='ocrx_word' id='word_1_5' title='bbox 217 851 402 932; x_wconf 91' lang='lat' dir='ltr'><strong>TITULO</strong></span> <span class='ocrx_word' id='word_1_6' title='bbox 432 851 665 929; x_wconf 81' lang='lat' dir='ltr'><strong>SANOTAE</strong></span> <span class='ocrx_word' id='word_1_7' title='bbox 693 851 903 928; x_wconf 78' lang='lat' dir='ltr'>Mnnrnn</span> <span class='ocrx_word' id='word_1_8' title='bbox 931 849 1102 926; x_wconf 66' lang='lat' dir='ltr'>&#39;lunas</span> <span class='ocrx_word' id='word_1_9' title='bbox 1131 849 1355 926; x_wconf 82' lang='lat' dir='ltr'>TIBERIM</span> 
     </span>
    </p>
   </div>
   <div class='ocr_carea' id='block_1_3' title="bbox 621 1067 952 1112">
    <p class='ocr_par' dir='ltr' id='par_1_3' title="bbox 621 1067 952 1112">
     <span class='ocr_line' id='line_1_3' title="bbox 621 1067 952 1112; baseline -0.009 -1"><span class='ocrx_word' id='word_1_10' title='bbox 621 1069 647 1112; x_wconf 86' lang='lat' dir='ltr'>S.</span> <span class='ocrx_word' id='word_1_11' title='bbox 668 1069 701 1110; x_wconf 83' lang='lat' dir='ltr'>R·</span> <span class='ocrx_word' id='word_1_12' title='bbox 723 1069 754 1112; x_wconf 77' lang='lat' dir='ltr'>E.</span> <span class='ocrx_word' id='word_1_13' title='bbox 774 1067 952 1110; x_wconf 72' lang='lat' dir='ltr'>CARDINALl</span> 
     </span>
    </p>
   </div>
   <div class='ocr_carea' id='block_1_4' title="bbox 397 1191 1134 1375">
    <p class='ocr_par' dir='ltr' id='par_1_4' title="bbox 397 1191 1134 1375">
     <span class='ocr_line' id='line_1_4' title="bbox 397 1191 1134 1375; baseline -0.003 -1"><span class='ocrx_word' id='word_1_14' title='bbox 397 1191 884 1375; x_wconf 40' lang='lat' dir='ltr'>xrefrenandam</span> <span class='ocrx_word' id='word_1_15' title='bbox 932 1262 1134 1372; x_wconf 74' lang='lat' dir='ltr'>urna</span> 
     </span>
    </p>
   </div>
   <div class='ocr_carea' id='block_1_5' title="bbox 344 1498 1220 1634">
    <p class='ocr_par' dir='ltr' id='par_1_5' title="bbox 344 1498 1220 1634">
     <span class='ocr_line' id='line_1_5' title="bbox 344 1498 1220 1544; baseline -0.003 0"><span class='ocrx_word' id='word_1_16' title='bbox 344 1501 487 1544; x_wconf 77' lang='lat' dir='ltr'>SACRIS</span> <span class='ocrx_word' id='word_1_17' title='bbox 505 1498 765 1542; x_wconf 80' lang='lat' dir='ltr'>APOSTOLICIS</span> <span class='ocrx_word' id='word_1_18' title='bbox 783 1499 969 1540; x_wconf 77' lang='lat' dir='ltr'>PALATnS</span> <span class='ocrx_word' id='word_1_19' title='bbox 986 1498 1220 1542; x_wconf 78' lang='lat' dir='ltr'><strong>PRAEFECTO</strong></span> 
     </span>
     <span class='ocr_line' id='line_1_6' title="bbox 691 1593 870 1634; baseline 0.011 -2"><span class='ocrx_word' id='word_1_20' title='bbox 691 1593 771 1634; x_wconf 82' lang='lat' dir='ltr'>ETC.</span> <span class='ocrx_word' id='word_1_21' title='bbox 790 1594 870 1634; x_wconf 74' lang='lat' dir='ltr'>ETC.</span> 
     </span>
    </p>
   </div>
   <div class='ocr_carea' id='block_1_6' title="bbox 528 1833 1046 1904">
    <p class='ocr_par' dir='ltr' id='par_1_6' title="bbox 528 1833 1046 1904">
     <span class='ocr_line' id='line_1_7' title="bbox 528 1833 1046 1904; baseline 0.006 -4"><span class='ocrx_word' id='word_1_22' title='bbox 528 1833 753 1902; x_wconf 84' lang='lat' dir='ltr'>IOSEPHUS</span> <span class='ocrx_word' id='word_1_23' title='bbox 784 1833 1046 1904; x_wconf 80' lang='lat' dir='ltr'><strong>MANSELLA</strong></span> 
     </span>
    </p>
   </div>
   <div class='ocr_carea' id='block_1_7' title="bbox 201 2273 1375 2674">
    <p class='ocr_par' dir='ltr' id='par_1_7' title="bbox 201 2273 1375 2674">
     <span class='ocr_line' id='line_1_8' title="bbox 293 2273 1367 2388; baseline 0.004 -27"><span class='ocrx_word' id='word_1_24' title='bbox 293 2277 520 2382; x_wconf 76' lang='lat' dir='ltr'>Quantum,</span> <span class='ocrx_word' id='word_1_25' title='bbox 563 2273 886 2363; x_wconf 83' lang='lat' dir='ltr'>Eminentissime</span> <span class='ocrx_word' id='word_1_26' title='bbox 918 2277 1133 2388; x_wconf 80' lang='lat' dir='ltr'>Princeps,</span> <span class='ocrx_word' id='word_1_27' title='bbox 1170 2282 1221 2364; x_wconf 90' lang='lat' dir='ltr'>ad</span> <span class='ocrx_word' id='word_1_28' title='bbox 1260 2307 1367 2365; x_wconf 88' lang='lat' dir='ltr'>oom-</span> 
     </span>
     <span class='ocr_line' id='line_1_9' title="bbox 203 2417 1372 2532; baseline 0.002 -27"><span class='ocrx_word' id='word_1_29' title='bbox 203 2447 324 2505; x_wconf 92' lang='lat' dir='ltr'>mnne</span> <span class='ocrx_word' id='word_1_30' title='bbox 357 2417 599 2504; x_wconf 80' lang='lat' dir='ltr'><strong>christianae</strong></span> <span class='ocrx_word' id='word_1_31' title='bbox 632 2417 690 2502; x_wconf 91' lang='lat' dir='ltr'>rei</span> <span class='ocrx_word' id='word_1_32' title='bbox 724 2417 1038 2504; x_wconf 89' lang='lat' dir='ltr'>emolumentum</span> <span class='ocrx_word' id='word_1_33' title='bbox 1065 2421 1243 2506; x_wconf 79' lang='lat' dir='ltr'>conferat</span> <span class='ocrx_word' id='word_1_34' title='bbox 1265 2425 1372 2532; x_wconf 90' lang='lat' dir='ltr'>quod</span> 
     </span>
     <span class='ocr_line' id='line_1_10' title="bbox 201 2559 1375 2674; baseline 0.002 -27"><span class='ocrx_word' id='word_1_35' title='bbox 201 2563 413 2674; x_wconf 79' lang='lat' dir='ltr'>coniugale</span> <span class='ocrx_word' id='word_1_36' title='bbox 435 2561 590 2663; x_wconf 82' lang='lat' dir='ltr'>foedus,</span> <span class='ocrx_word' id='word_1_37' title='bbox 614 2591 637 2644; x_wconf 89' lang='lat' dir='ltr'>a</span> <span class='ocrx_word' id='word_1_38' title='bbox 659 2561 746 2644; x_wconf 88' lang='lat' dir='ltr'>Deo</span> <span class='ocrx_word' id='word_1_39' title='bbox 768 2559 854 2670; x_wconf 90' lang='lat' dir='ltr'>ipso</span> <span class='ocrx_word' id='word_1_40' title='bbox 876 2560 981 2647; x_wconf 87' lang='lat' dir='ltr'>inter</span> <span class='ocrx_word' id='word_1_41' title='bbox 1002 2562 1140 2648; x_wconf 90' lang='lat' dir='ltr'>mundi</span> <span class='ocrx_word' id='word_1_42' title='bbox 1161 2563 1375 2674; x_wconf 85' lang='lat' dir='ltr'>primordia</span> 
     </span>
    </p>
   </div>
   <div class='ocr_carea' id='block_1_8' title="bbox 134 2705 1379 4519">
    <p class='ocr_par' dir='ltr' id='par_1_8' title="bbox 134 2705 1379 4519">
     <span class='ocr_line' id='line_1_11' title="bbox 202 2705 1375 2814; baseline 0 -25"><span class='ocrx_word' id='word_1_43' title='bbox 202 2708 252 2789; x_wconf 89' lang='lat' dir='ltr'>ad</span> <span class='ocrx_word' id='word_1_44' title='bbox 293 2705 512 2790; x_wconf 81' lang='lat' dir='ltr'><strong>humanam</strong></span> <span class='ocrx_word' id='word_1_45' title='bbox 559 2705 860 2814; x_wconf 79' lang='lat' dir='ltr'>propagandam</span> <span class='ocrx_word' id='word_1_46' title='bbox 907 2705 1085 2790; x_wconf 85' lang='lat' dir='ltr'>sobolem</span> <span class='ocrx_word' id='word_1_47' title='bbox 1126 2705 1375 2810; x_wconf 83' lang='lat' dir='ltr'>institutum,</span> 
     </span>
     <span class='ocr_line' id='line_1_12' title="bbox 205 2845 1374 2956; baseline 0 -26"><span class='ocrx_word' id='word_1_48' title='bbox 205 2846 398 2931; x_wconf 83' lang='lat' dir='ltr'>fueritin</span> <span class='ocrx_word' id='word_1_49' title='bbox 430 2845 677 2955; x_wconf 88' lang='lat' dir='ltr'>plenitudine</span> <span class='ocrx_word' id='word_1_50' title='bbox 708 2851 934 2956; x_wconf 86' lang='lat' dir='ltr'>temporum</span> <span class='ocrx_word' id='word_1_51' title='bbox 967 2846 1172 2933; x_wconf 83' lang='lat' dir='ltr'>aOhristo</span> <span class='ocrx_word' id='word_1_52' title='bbox 1204 2846 1374 2932; x_wconf 91' lang='lat' dir='ltr'>Domino</span> 
     </span>
     <span class='ocr_line' id='line_1_13' title="bbox 204 2986 1373 3102; baseline 0.003 -28"><span class='ocrx_word' id='word_1_53' title='bbox 204 2993 254 3074; x_wconf 91' lang='lat' dir='ltr'>ad</span> <span class='ocrx_word' id='word_1_54' title='bbox 287 2987 527 3074; x_wconf 81' lang='lat' dir='ltr'>sacramenti</span> <span class='ocrx_word' id='word_1_55' title='bbox 559 2986 796 3098; x_wconf 82' lang='lat' dir='ltr'>dignitatem</span> <span class='ocrx_word' id='word_1_56' title='bbox 829 2995 1035 3092; x_wconf 79' lang='lat' dir='ltr'>eventum,</span> <span class='ocrx_word' id='word_1_57' title='bbox 1068 2989 1373 3102; x_wconf 87' lang='lat' dir='ltr'>divinarumque</span> 
     </span>
     <span class='ocr_line' id='line_1_14' title="bbox 200 3113 1373 3242; baseline 0 -26"><span class='ocrx_word' id='word_1_58' title='bbox 200 3158 289 3216; x_wconf 88' lang='lat' dir='ltr'>rore</span> <span class='ocrx_word' id='word_1_59' title='bbox 335 3130 562 3242; x_wconf 82' lang='lat' dir='ltr'>gratiarum</span> <span class='ocrx_word' id='word_1_60' title='bbox 602 3113 910 3238; x_wconf 79' lang='lat' dir='ltr'>loeupletatnm‚</span> <span class='ocrx_word' id='word_1_61' title='bbox 950 3129 1133 3216; x_wconf 90' lang='lat' dir='ltr'>omnibns</span> <span class='ocrx_word' id='word_1_62' title='bbox 1175 3131 1244 3242; x_wconf 90' lang='lat' dir='ltr'>qni</span> <span class='ocrx_word' id='word_1_63' title='bbox 1280 3133 1373 3220; x_wconf 89' lang='lat' dir='ltr'>fidei</span> 
     </span>
     <span class='ocr_line' id='line_1_15' title="bbox 202 3273 1375 3384; baseline 0 -24"><span class='ocrx_word' id='word_1_64' title='bbox 202 3279 305 3360; x_wconf 90' lang='lat' dir='ltr'>dono</span> <span class='ocrx_word' id='word_1_65' title='bbox 336 3275 528 3358; x_wconf 87' lang='lat' dir='ltr'>fruuntur</span> <span class='ocrx_word' id='word_1_66' title='bbox 560 3280 814 3383; x_wconf 77' lang='lat' dir='ltr'>perspectum</span> <span class='ocrx_word' id='word_1_67' title='bbox 847 3273 1181 3384; x_wconf 85' lang='lat' dir='ltr'>exploratumque</span> <span class='ocrx_word' id='word_1_68' title='bbox 1214 3283 1286 3364; x_wconf 90' lang='lat' dir='ltr'>est.</span> <span class='ocrx_word' id='word_1_69' title='bbox 1316 3279 1375 3360; x_wconf 85' lang='lat' dir='ltr'>Eo</span> 
     </span>
     <span class='ocr_line' id='line_1_16' title="bbox 203 3413 1379 3523; baseline 0.001 -23"><span class='ocrx_word' id='word_1_70' title='bbox 203 3415 308 3500; x_wconf 93' lang='lat' dir='ltr'>enim</span> <span class='ocrx_word' id='word_1_71' title='bbox 339 3421 592 3500; x_wconf 84' lang='lat' dir='ltr'>sacramento</span> <span class='ocrx_word' id='word_1_72' title='bbox 625 3413 861 3499; x_wconf 82' lang='lat' dir='ltr'>sanctificati</span> <span class='ocrx_word' id='word_1_73' title='bbox 894 3413 1097 3523; x_wconf 82' lang='lat' dir='ltr'>coniuges,</span> <span class='ocrx_word' id='word_1_74' title='bbox 1129 3417 1230 3501; x_wconf 89' lang='lat' dir='ltr'>filios</span> <span class='ocrx_word' id='word_1_75' title='bbox 1253 3419 1379 3502; x_wconf 83' lang='lat' dir='ltr'>edunt</span> 
     </span>
     <span class='ocr_line' id='line_1_17' title="bbox 202 3555 1377 3667; baseline 0.002 -27"><span class='ocrx_word' id='word_1_76' title='bbox 202 3557 244 3640; x_wconf 90' lang='lat' dir='ltr'>in</span> <span class='ocrx_word' id='word_1_77' title='bbox 278 3557 510 3642; x_wconf 81' lang='lat' dir='ltr'>admirabile</span> <span class='ocrx_word' id='word_1_78' title='bbox 544 3555 621 3640; x_wconf 91' lang='lat' dir='ltr'>Dei</span> <span class='ocrx_word' id='word_1_79' title='bbox 652 3555 788 3640; x_wconf 90' lang='lat' dir='ltr'>lumen</span> <span class='ocrx_word' id='word_1_80' title='bbox 821 3563 862 3640; x_wconf 91' lang='lat' dir='ltr'>et</span> <span class='ocrx_word' id='word_1_81' title='bbox 894 3584 1080 3665; x_wconf 84' lang='lat' dir='ltr'>regnum,</span> <span class='ocrx_word' id='word_1_82' title='bbox 1104 3563 1144 3642; x_wconf 80' lang='lat' dir='ltr'>et</span> <span class='ocrx_word' id='word_1_83' title='bbox 1165 3586 1236 3667; x_wconf 90' lang='lat' dir='ltr'>per</span> <span class='ocrx_word' id='word_1_84' title='bbox 1267 3557 1377 3642; x_wconf 87' lang='lat' dir='ltr'>lava-</span> 
     </span>
     <span class='ocr_line' id='line_1_18' title="bbox 203 3697 1378 3808; baseline -0.001 -25"><span class='ocrx_word' id='word_1_85' title='bbox 203 3727 316 3783; x_wconf 89' lang='lat' dir='ltr'>erum</span> <span class='ocrx_word' id='word_1_86' title='bbox 347 3697 664 3808; x_wconf 81' lang='lat' dir='ltr'>regenerationis</span> <span class='ocrx_word' id='word_1_87' title='bbox 697 3704 740 3785; x_wconf 87' lang='lat' dir='ltr'>et</span> <span class='ocrx_word' id='word_1_88' title='bbox 765 3697 1033 3783; x_wconf 77' lang='lat' dir='ltr'>renovationis</span> <span class='ocrx_word' id='word_1_89' title='bbox 1056 3698 1227 3808; x_wconf 80' lang='lat' dir='ltr'>Spiritus</span> <span class='ocrx_word' id='word_1_90' title='bbox 1249 3697 1378 3784; x_wconf 84' lang='lat' dir='ltr'>saneti</span> 
     </span>
     <span class='ocr_line' id='line_1_19' title="bbox 202 3840 1377 3952; baseline -0.003 -25"><span class='ocrx_word' id='word_1_91' title='bbox 202 3842 453 3946; x_wconf 75' lang='lat' dir='ltr'>iustificatm,</span> <span class='ocrx_word' id='word_1_92' title='bbox 487 3841 724 3950; x_wconf 88' lang='lat' dir='ltr'>divinaeque</span> <span class='ocrx_word' id='word_1_93' title='bbox 757 3841 913 3952; x_wconf 85' lang='lat' dir='ltr'>gratiae</span> <span class='ocrx_word' id='word_1_94' title='bbox 946 3840 1112 3925; x_wconf 90' lang='lat' dir='ltr'>meliora</span> <span class='ocrx_word' id='word_1_95' title='bbox 1144 3849 1377 3952; x_wconf 82' lang='lat' dir='ltr'>recepturos</span> 
     </span>
     <span class='ocr_line' id='line_1_20' title="bbox 134 3981 1379 4079; baseline -0.002 -11"><span class='ocrx_word' id='word_1_96' title='bbox 134 4001 142 4012; x_wconf 90' lang='lat'>&#39;</span> <span class='ocrx_word' id='word_1_97' title='bbox 203 3983 459 4079; x_wconf 82' lang='lat' dir='ltr'>charismata,</span> <span class='ocrx_word' id='word_1_98' title='bbox 492 3991 632 4069; x_wconf 85' lang='lat' dir='ltr'>saneta</span> <span class='ocrx_word' id='word_1_99' title='bbox 663 3988 792 4067; x_wconf 90' lang='lat' dir='ltr'>mater</span> <span class='ocrx_word' id='word_1_100' title='bbox 824 3982 1004 4066; x_wconf 82' lang='lat' dir='ltr'>Ecclesia</span> <span class='ocrx_word' id='word_1_101' title='bbox 1039 3981 1130 4066; x_wconf 87' lang='lat' dir='ltr'>sinu</span> <span class='ocrx_word' id='word_1_102' title='bbox 1163 4009 1236 4066; x_wconf 91' lang='lat' dir='ltr'>sno</span> <span class='ocrx_word' id='word_1_103' title='bbox 1270 4010 1379 4067; x_wconf 89' lang='lat' dir='ltr'>oom-</span> 
     </span>
     <span class='ocr_line' id='line_1_21' title="bbox 204 4123 1379 4235; baseline 0 -27"><span class='ocrx_word' id='word_1_104' title='bbox 204 4124 404 4235; x_wconf 82' lang='lat' dir='ltr'>pleutitur.</span> <span class='ocrx_word' id='word_1_105' title='bbox 440 4124 503 4212; x_wconf 82' lang='lat' dir='ltr'>Sin</span> <span class='ocrx_word' id='word_1_106' title='bbox 536 4130 672 4208; x_wconf 89' lang='lat' dir='ltr'>autem</span> <span class='ocrx_word' id='word_1_107' title='bbox 705 4123 936 4208; x_wconf 80' lang='lat' dir='ltr'>uniuersum</span> <span class='ocrx_word' id='word_1_108' title='bbox 967 4151 1038 4234; x_wconf 92' lang='lat' dir='ltr'>per</span> <span class='ocrx_word' id='word_1_109' title='bbox 1073 4125 1210 4209; x_wconf 91' lang='lat' dir='ltr'>orbern</span> <span class='ocrx_word' id='word_1_110' title='bbox 1232 4124 1379 4209; x_wconf 85' lang='lat' dir='ltr'>diffusa</span> 
     </span>
     <span class='ocr_line' id='line_1_22' title="bbox 204 4265 1377 4375; baseline -0.002 -25"><span class='ocrx_word' id='word_1_111' title='bbox 204 4265 352 4350; x_wconf 80' lang='lat' dir='ltr'>familia</span> <span class='ocrx_word' id='word_1_112' title='bbox 392 4266 544 4354; x_wconf 77' lang='lat' dir='ltr'>Christi</span> <span class='ocrx_word' id='word_1_113' title='bbox 581 4272 812 4375; x_wconf 83' lang='lat' dir='ltr'>perseverat</span> <span class='ocrx_word' id='word_1_114' title='bbox 858 4265 1090 4350; x_wconf 82' lang='lat' dir='ltr'>indeficiens</span> <span class='ocrx_word' id='word_1_115' title='bbox 1132 4265 1174 4349; x_wconf 92' lang='lat' dir='ltr'>in</span> <span class='ocrx_word' id='word_1_116' title='bbox 1212 4293 1377 4368; x_wconf 85' lang='lat' dir='ltr'>aeuum,</span> 
     </span>
     <span class='ocr_line' id='line_1_23' title="bbox 205 4407 1378 4519; baseline 0.001 -29"><span class='ocrx_word' id='word_1_117' title='bbox 205 4407 370 4517; x_wconf 89' lang='lat' dir='ltr'>plenum</span> <span class='ocrx_word' id='word_1_118' title='bbox 415 4411 464 4494; x_wconf 91' lang='lat' dir='ltr'>de</span> <span class='ocrx_word' id='word_1_119' title='bbox 506 4408 673 4494; x_wconf 79' lang='lat' dir='ltr'>infernis</span> <span class='ocrx_word' id='word_1_120' title='bbox 711 4407 895 4493; x_wconf 81' lang='lat' dir='ltr'>hostibus</span> <span class='ocrx_word' id='word_1_121' title='bbox 934 4415 1074 4493; x_wconf 81' lang='lat' dir='ltr'>notura</span> <span class='ocrx_word' id='word_1_122' title='bbox 1105 4407 1378 4519; x_wconf 86' lang='lat' dir='ltr'>triumphum,</span> 
     </span>
    </p>
   </div>
   <div class='ocr_carea' id='block_1_9' title="bbox 0 0 1727 5302">
    <p class='ocr_par' dir='ltr' id='par_1_9' title="bbox 0 0 1727 5302">
     <span class='ocr_line' id='line_1_24' title="bbox 0 0 1727 5302; baseline 0 0"><span class='ocrx_word' id='word_1_123' title='bbox 0 0 1727 5302; x_wconf 95' lang='lat' dir='ltr'> </span> 
     </span>
    </p>
   </div>
  </div>
 </body>
</html>
