3406 5302
845 418 1019 480 -270-

349 555 555 643 emergunt.
598 543 707 617 Nemo
746 554 864 618 tamen
902 566 1059 646 unquam
1095 565 1253 619 asserere
1291 565 1400 618 ausus
1433 538 1513 634 luit,

351 663 555 742 huiusmodi
575 665 834 769 exemptionem
855 666 1045 745 haereticis
1064 679 1262 771 competere
1278 664 1390 744 ueluti
1404 663 1518 768 quod·

350 788 432 866 dam
455 788 641 894 personale
669 789 917 895 priuilepium,
955 791 1050 896 quod
1084 793 1240 895 quisque
1279 816 1399 869 secum
1428 787 1516 866 ferat

349 937 574 1019 quocumque
589 917 805 1016 commigret,
822 928 857 994 et
873 915 1006 1019 ubique
1027 916 1183 994 locorum
1194 916 1379 1008 consistat,
1393 939 1518 1019 quam-

350 1037 404 1112 vis
431 1033 520 1112 inibi
548 1033 728 1113 decretum
757 1035 823 1112 rite
851 1035 1071 1140 publicatum
1099 1037 1160 1128 sit,
1183 1057 1225 1112 ac
1244 1034 1348 1139 plana
1377 1037 1508 1136 vigeat,

354 1161 408 1238 uti
436 1161 473 1236 in
502 1159 621 1238 ltalia.

436 1291 499 1364 to.
531 1287 627 1362 Haec
658 1284 781 1362 eadem
810 1284 864 1362 vel
892 1285 1004 1363 altera
1033 1309 1104 1361 non
1141 1283 1313 1361 absimilis
1347 1283 1438 1362 ratio
1471 1305 1514 1359 err

353 1409 634 1486 circumstantiis
672 1407 840 1486 localibus
873 1407 990 1512 quoad
1024 1409 1178 1486 valorem
1216 1407 1518 1485 matrimoniorum

356 1532 616 1611 baereticorum
653 1535 747 1612 inter
774 1558 813 1612 se
846 1533 967 1612 itidem
1010 1533 1213 1635 assignatur
1241 1559 1260 1609 a
1289 1532 1351 1610 Pio
1387 1533 1453 1608 vll
1483 1530 1519 1607 in

356 1653 526 1760 praelatis
554 1655 684 1735 litteris
712 1656 783 1736 diei
812 1666 835 1734 8
865 1657 972 1736 octob.
1008 1667 1123 1752 1803,
1155 1657 1209 1736 rel
1238 1681 1364 1761 nempe
1384 1679 1428 1732 ex
1456 1653 1519 1731 de-

355 1779 450 1859 iectu
479 1780 600 1858 localis
628 1781 882 1886 publicationis
910 1781 1058 1875 decreti,
1081 1783 1136 1860 vel
1156 1807 1199 1860 err
1219 1781 1361 1860 delectu
1389 1779 1519 1881 vigoris

353 1902 514 1983 eiusdem
543 1903 723 2008 aliquibus
752 1906 789 1982 in
818 1905 917 1983 locis.
956 1904 1131 1984 Iudicium
1159 1906 1252 1982 enim
1282 1901 1399 1981 ferens
1426 1903 1518 1979 circa

355 2027 556 2132 opinionem
585 2027 725 2106 illorum
754 2027 815 2132 qui
846 2025 1023 2106 docebant
1045 2058 1062 2100 ‹
1082 2026 1305 2106 matrimonia
1324 2025 1520 2104 haeretico-

360 2176 480 2228 «rum
507 2175 624 2228 coram
652 2151 814 2229 ministro
852 2149 1047 2230 acatholico
1076 2153 1163 2229 inita
1196 2149 1393 2254 pecoralem
1422 2147 1518 2226 nulla

359 2303 379 2347 ‹
403 2299 495 2366 esse,
527 2287 635 2377 atquo
664 2273 752 2352 adeo
771 2273 908 2351 validas
927 2272 1000 2352 loro
1023 2274 1198 2352 secundas
1217 2300 1337 2353 eorum
1357 2274 1516 2378 nuptias

362 2433 379 2470 a
403 2399 433 2476 si
462 2396 564 2476 modo
592 2422 709 2476 coram
737 2397 909 2476 catholico
937 2397 1091 2504 parocho
1109 2398 1368 2477 contrahantur
1390 2429 1449 2470 »-
1465 2421 1520 2473 re·

357 2519 512 2625 spondet
539 2519 635 2625 quod
663 2519 865 2600 huiusmodi
881 2521 999 2626 opinio
1018 2567 1042 2582 -
1063 2553 1081 2595 ι
1104 2547 1220 2627 neque
1257 2521 1411 2627 undique
1439 2543 1520 2598 vera

361 2671 381 2716 ‹
404 2653 472 2736 est,
503 2665 569 2720 nec
598 2643 685 2719 satis
712 2655 806 2737 tuta,
830 2667 945 2746 neque
967 2641 1096 2722 idcirco
1116 2645 1153 2721 in
1171 2644 1272 2747 praxi
1291 2641 1521 2748 quibuscum·

362 2789 473 2868 «que
501 2765 539 2842 in
567 2764 710 2844 casibus
738 2765 1056 2845 indiscriminatim
1086 2765 1269 2870 sequenda
1292 2797 1327 2843 ›.
1349 2769 1424 2842 Iam
1441 2761 1521 2841 inde

260 2921 261 2924 ¹
359 2889 594 2970 animadverti
622 2903 757 2996 potest,
788 2890 883 2995 quod
912 2891 942 2968 si
971 2890 1155 2985 haeretici,
1185 2889 1401 2994 ubicumque
1429 2889 1522 2968 loco·

360 3039 439 3092 rum
467 3013 688 3091 clandestine
716 3013 931 3092 contrahant
950 3013 1171 3092 matrimonia
1192 3016 1267 3092 sive
1282 3013 1375 3093 inter
1394 3038 1432 3091 se
1448 3015 1520 3090 siue

358 3163 441 3216 cum
468 3135 1177 3242 partacatholica,·solaclandestinitatis
1205 3137 1341 3214 rationo
1360 3161 1402 3214 ea
1430 3160 1522 3214 nun-

361 3288 469 3368 quam
497 3273 617 3340 essent
644 3260 815 3355 invalida,
856 3260 943 3366 quia
980 3261 1164 3348 baeretici,
1198 3262 1266 3339 iam
1304 3263 1523 3367 nequivisset

361 3385 525 3465 Pontifex
539 3385 712 3490 quosdam
727 3411 831 3464 casus
846 3386 1073 3491 exciperem
1087 3386 1219 3490 quibus
1238 3387 1313 3466 sola
1332 3385 1524 3466 clandesti-

363 3509 489 3588 nitatis
517 3509 654 3587 ratione
682 3535 723 3587 ea
751 3510 974 3587 matrimonia
1002 3509 1179 3588 nuditatis
1206 3510 1293 3588 vitio
1321 3510 1416 3588 infici
1443 3535 1525 3615 pos-

362 3645 456 3712 sent.
488 3631 556 3711 Sed
584 3631 715 3710 clarius
744 3633 989 3737 prosequitur:
1023 3631 1177 3711 «Probe
1206 3633 1299 3712 enirn
1328 3635 1427 3712 novit
1454 3633 1525 3710 fra·

365 3757 557 3834 eternitas
585 3769 662 3845 tua,
695 3755 803 3834 huius
832 3757 971 3857 generis
999 3756 1222 3835 matrimonia
1256 3769 1333 3834 rata
1360 3769 1398 3835 et
1425 3755 1525 3834 firma

361 3882 597 3960 «consistere
624 3881 668 3959 iis
711 3881 749 3958 in
776 3879 884 3968 locis,
922 3881 959 3958 in
992 3879 1123 3986 quibus
1157 3883 1301 3960 Consilii
1339 3881 1526 3960 tridentini

364 4003 588 4083 <decretum
614 4003 671 4082 vel
700 4029 882 4110 nunquam
906 4001 1128 4108 publicatum
1147 4005 1236 4108 fuit,
1257 4005 1312 4084 vel
1341 4031 1525 4111 nunquam

363 4127 628 4206 <maerentum
663 4142 842 4234 tamquam
875 4127 1034 4206 eiusdem
1067 4128 1209 4206 Concilii
1239 4127 1434 4224 decretum,
1472 4129 1527 4208 vel

366 4252 437 4330 «si
476 4254 691 4359 quandoque
724 4254 949 4333 observatum
987 4251 1069 4347 luit,
1105 4251 1209 4356 longo
1246 4253 1330 4333 dein
1356 4253 1526 4360 temporis

365 4374 596 4459 «intervallo
622 4381 661 4457 in
688 4377 950 4458 desuetudinem
979 4375 1081 4455 obiit.
1114 4376 1207 4456 Hinc
1234 4375 1366 4456 lactum
1393 4391 1462 4472 est,
1485 4389 1525 4455 ut
