3402 5292
843 515 882 528 -
902 485 965 546 3:32
986 517 1022 530 -

348 603 431 682 dam
460 606 601 705 siguum
629 604 833 700 erectionis,
865 607 911 685 ad
930 609 1092 712 copulam
1122 607 1307 702 inhabilis,
1330 607 1515 712 praemlit,

349 729 463 832 ipsius
481 729 598 833 penis,
629 731 725 808 inter
742 731 977 810 emittendum
997 731 1271 810 modicissimum
1297 756 1418 810 semen
1437 732 1520 810 flui-

349 851 449 947 dum,
472 877 658 956 aquosum,
685 852 845 954 glaciale,
878 855 1062 934 confestim
1077 854 1353 958 elanguescebat
1372 869 1408 934 et
1422 880 1519 933 emo-

350 975 525 1056 riebatur.
544 1019 567 1036 -
582 980 742 1069 Constat,
766 977 924 1056 eiusdem
944 1005 1071 1084 penem
1092 1005 1170 1058 asse
1188 1005 1325 1084 parum*
1338 980 1520 1058 evolutam

350 1126 393 1178 ae
421 1099 623 1195 flaccidum,
654 1101 805 1204 eiusque
843 1103 1026 1180 testiculos
1054 1105 1201 1207 exiguus
1229 1116 1265 1182 et
1293 1106 1397 1208 quasi
1426 1115 1522 1180 atro-

351 1224 456 1329 phos.
490 1227 625 1312 «Quae
653 1225 820 1329 atrophia
840 1239 894 1304 est
910 1225 1028 1321 tabes,
1052 1251 1116 1304 seu
1136 1228 1250 1331 partis
1270 1226 1421 1303 alicuius
1435 1247 1522 1302 cou-

354 1346 550 1451 «sumptio
579 1359 613 1424 et
632 1347 796 1442 ariditas,
824 1351 862 1426 in
889 1375 961 1454 qua
990 1351 1154 1454 passione
1173 1375 1215 1428 ea
1238 1375 1322 1454 pars
1350 1373 1421 1428 non
1444 1375 1521 1427 am·

352 1505 372 1544 a
395 1469 489 1574 plius
525 1472 745 1550 nutrimento
779 1471 937 1550 fruitur.
964 1533 973 1550 .
1000 1533 1008 1550 .
1035 1533 1044 1550 .
1067 1473 1162 1551 unde
1190 1496 1327 1551 summa
1360 1471 1519 1552 eiusdem

352 1627 373 1670 c
395 1595 527 1674 macies
554 1595 681 1674 oritur.
714 1601 801 1674 Pars
829 1623 926 1700 ergo,
949 1623 1041 1702 quac
1065 1598 1232 1704 atrophia
1260 1599 1413 1694 laborat,
1445 1601 1520 1680 rita

352 1751 372 1794 c
396 1743 517 1798 carcre
537 1719 607 1798 dioi
627 1735 759 1826 potest,
791 1747 870 1802 cum
890 1725 963 1802 vita
984 1748 1048 1828 per
1066 1724 1299 1803 nutritionem
1313 1724 1459 1802 existat.
1478 1729 1521 1802 ln

353 1877 372 1920 a
396 1847 507 1951 peiuri
527 1871 610 1950 ergo
630 1847 832 1926 conditione
847 1862 903 1927 est
920 1875 1027 1954 quam
1045 1875 1087 1928 eu
1107 1875 1199 1954 quae
1219 1849 1358 1928 laborat
1377 1849 1523 1954 paraly-

350 2001 372 2044 a
396 1971 449 2065 si;
480 1969 575 2074 quod
600 1971 689 2048 haec
716 1971 799 2049 licet
822 1985 919 2050 nictu
948 1987 1013 2051 aut
1034 1997 1156 2066 sensu,
1188 1987 1252 2051 aut
1280 1987 1431 2076 utroquo
1460 1995 1521 2050 ca-

354 2125 374 2166 «
399 2105 489 2188 reat,
521 2094 680 2172 nutritur
718 2108 856 2190 tamen,
887 2096 983 2201 quud
1019 2097 1151 2176 sufficit
1188 2097 1233 2174 ad
1270 2096 1518 2174 vivendum.»

351 2220 517 2326 (Zacehia
549 2223 614 2325 Op.
647 2220 710 2298 cit.
743 2233 828 2298 tom.
853 2231 889 2298 t.
913 2219 974 2298 lib.
997 2229 1033 2297 t.
1052 2245 1087 2325 q.
1107 2230 1144 2298 8.
1167 2247 1204 2298 u.
1230 2220 1311 2325 41).
1343 2226 1451 2298 Porro
1475 2246 1519 2298 en

353 2344 538 2449 hispanis
571 2358 681 2448 atque
714 2343 958 2422 testiculorum
995 2344 1127 2422 morbis
1164 2344 1326 2449 sequitur
1355 2344 1520 2423 absoluta

352 2467 562 2546 inhabilitas
599 2469 643 2546 ad
686 2469 883 2546 naturalem
922 2470 1080 2563 coitum,
1126 2469 1179 2547 uti
1209 2468 1368 2547 iudicant
1409 2469 1518 2546 otiam

352 2593 502 2688 Foderb‚
535 2591 719 2697 Spengel,
752 2593 950 2670 Puccinotti
979 2605 1014 2670 et
1042 2592 1103 2669 alii
1132 2591 1175 2670 de
1203 2591 1375 2670 medicina
1417 2591 1522 2695 legali

350 2716 582 2822 professores.
601 2716 732 2794 -Hinc
761 2716 811 2792 nil
841 2717 967 2793 mirum
995 2715 1090 2819 quod
1118 2716 1238 2808 Caius,
1271 2727 1311 2793 ut
1330 2727 1441 2794 testes
1460 2714 1522 2792 de-

351 2853 504 2945 ponunt,
521 2863 587 2918 neo
607 2839 764 2942 virgines
791 2840 944 2918 valuerit
971 2839 1160 2933 deflorare,
1178 2862 1243 2916 nec
1262 2837 1317 2916 vel
1341 2841 1518 2942 corruptis

350 2961 492 3040 faminis
529 2963 746 3042 commisceri
783 2987 864 3040 cum
901 2987 1003 3040 suam
1039 2961 1303 3066 viripotentiam
1347 2961 1514 3039 tentavit.

351 3085 409 3163 Nil
437 3085 566 3163 mirum
594 3085 624 3163 si
654 3083 786 3164 nedum
814 3109 877 3190 per
904 3085 1019 3163 media
1049 3085 1185 3177 illicita,
1218 3084 1312 3162 iuter
1330 3107 1424 3188 quaa
1444 3109 1519 3160 ma-

351 3207 503 3286 leficium
532 3210 577 3287 ab
606 3211 753 3288 horatio
773 3224 1015 3315 perpetratum
1033 3210 1128 3317 (Act.
1146 3209 1211 3314 sol.
1236 3219 1310 3289 103
1332 3223 1366 3286 ct
1384 3206 1514 3312 sopp),

351 3332 414 3410 scd
435 3357 500 3410 nce
519 3357 582 3437 per
600 3333 697 3411 licita
713 3333 869 3411 remedia
892 3333 1107 3412 medicorum
1134 3333 1280 3410 consilio
1295 3347 1332 3410 at
1346 3333 1441 3410 curis
1456 3330 1520 3408 ad-

353 3455 481 3550 hibita,
501 3456 766 3560 viripotentiam
787 3457 829 3535 ad
847 3457 976 3536 coitum
993 3482 1151 3562 unquam
1167 3457 1321 3534 valuerit
1340 3456 1515 3559 obtinere¹

350 3583 439 3684 quin
468 3595 503 3659 et
523 3581 560 3658 in
581 3605 688 3683 grave
706 3581 922 3660 valetudinis
951 3581 1140 3660 discrimen
1168 3581 1347 3660 inciderit.
1382 3579 1438 3658 Nil
1458 3578 1520 3657 de-

315 3775 316 3778 ,
352 3707 459 3809 nique
488 3705 617 3782 mirum
644 3703 737 3808 quod
769 3730 952 3810 nunquam
981 3705 1134 3784 valuerit
1153 3706 1416 3784 matrimonium
1436 3729 1521 3783 cun·

350 3853 541 3922 summare,
573 3843 609 3906 et
636 3828 731 3932 quod
758 3827 869 3933 ipsius
889 3853 1020 3932 sponsa
1040 3829 1282 3932 experimento
1296 3829 1341 3906 ad
1357 3829 1517 3934 copulam

350 3975 414 4054 per
428 3950 612 4028 biennium
632 3951 820 4044 frustrato,
843 3951 1074 4055 quantumvis
1089 3951 1237 4030 docilem
1258 3950 1300 4028 ad
1318 3977 1410 4056 opus
1430 3977 1520 4028 uso-

350 4074 441 4152 rium
471 4075 597 4152 marito
613 4101 650 4153 se
666 4100 780 4179 usque
795 4073 1015 4179 praebuerit,
1029 4077 1130 4152 iuxta
1146 4101 1294 4179 eaquae
1310 4075 1422 4154 tradit
1446 4080 1521 4154 hta-

350 4197 468 4275 suard.
487 4197 659 4303 (deproh.
683 4197 753 4276 ool.
778 4208 815 4276 t.
839 4197 905 4275 coh.
930 4207 1019 4276 888.
1043 4223 1080 4275 u.
1107 4198 1187 4303 11),
1206 4226 1226 4276 a
1246 4199 1422 4302 coniugali
1440 4199 1521 4278 tha-

351 4321 444 4400 lamo
459 4347 536 4400 eum
568 4321 732 4400 omnibus
753 4322 922 4428 physicae
941 4322 1158 4425 virginitatis
1177 4323 1446 4404 characteribus
1465 4325 1523 4404 in-

353 4457 453 4548 tegra
483 4445 626 4540 exierit,
658 4446 711 4524 uti
749 4445 934 4525 evidenter
972 4459 1112 4526 constat
1144 4473 1187 4526 ex
1216 4447 1334 4527 iurata
1362 4447 1522 4527 iudiciali
