3444 5302
886 415 1042 476 -.3t-

383 539 532 618 abavus.
555 583 579 598 -
600 537 676 616 ulia
695 538 825 618 dicitur
844 539 939 618 linea
959 551 1180 626 transuerso,
1201 539 1431 635 collateralis,
1453 539 1545 620 obii-

383 687 469 768 qua,
496 675 532 742 et
559 675 614 740 est
642 663 752 742 series
774 687 1006 769 personarum
1026 663 1317 744 descendentium
1335 665 1479 770 quidem
1498 665 1544 744 ab

383 786 506 864 eodem
534 786 669 892 stipite,
701 811 853 892 quarum
871 800 991 866 tamen
1019 813 1092 866 uua
1111 787 1156 866 ab
1176 787 1245 866 3113
1266 813 1337 868 333
1356 789 1454 868 ducit
1474 789 1546 868 ori-

384 911 513 1006 ginem,
545 921 586 988 ut
613 908 724 988 frater
750 911 877 1014 patris,
909 910 972 990 11111
1001 925 1036 991 31
1064 912 1157 992 filiae
1186 911 1319 1008 fratris,
1343 928 1491 1019 nepotes
1510 927 1547 994 et

383 1047 509 1137 neptes
537 1057 580 1112 ex
605 1033 728 1130 133133,
749 1048 963 1140 pronepotes
982 1047 1018 1114 et
1037 1049 1228 1142 proneptes
1247 1061 1290 1116 ex
1311 1036 1438 1135 fratre3
1461 1041 1546 1118 item

381 1171 534 1263 patruus
562 1169 598 1235 et
626 1159 747 1252 amita,
779 1181 929 1260 magnus
957 1171 1107 1263 patruus
1126 1173 1162 1239 et
1180 1185 1306 1263 magna
1328 1162 1452 1257 amita,
1472 1187 1548 1241 ma-

382 1307 474 1385 gnus
501 1293 716 1386 propatruus
744 1294 780 1360 et
808 1307 936 1384 magua
969 1283 1156 1386 proamita.
1192 1285 1301 1362 Linea
1338 1299 1543 1366 transversa

383 1419 438 1486 est
457 1403 616 1510 ocqoolc's
635 1405 690 1483 rel
711 1403 926 1510 inaequalis,
946 1419 1052 1511 prout
1071 1410 1324 1510 consanguinei
1348 1409 1545 1514 aequaliter

383 1529 439 1607 vel
468 1527 704 1633 inaequaliter
732 1555 752 1604 a
781 1527 956 1606 communi
985 1527 1108 1634 stipite
1133 1529 1282 1609 distant.
1307 1530 1547 1610 8131133133-

383 1665 470 1746 tres,
504 1649 613 1730 133133
641 1665 677 1730 31
704 1675 803 1728 33333
822 1651 859 1728 13
879 1651 1021 1756 aequali
1041 1651 1153 1754 gradu
1173 1652 1348 1736 distante
1368 1657 1545 1736 communi

383 1779 517 1884 stipite.
550 1781 673 1856 Frater
700 1801 784 1855 uero
811 1776 921 1855 distat
949 1803 969 1852 a
998 1776 1070 1854 tilia
1098 1777 1219 1856 fratris
1247 1779 1302 1858 vei
1332 1779 1463 1859 sororis
1486 1782 1549 1868 iu·

383 1902 598 2008 aequalitem
629 1915 664 1979 et
692 1925 802 2006 quum
835 1898 945 1978 133133
972 1925 992 1976 3
1021 1901 1143 2005 stipite
1171 1899 1281 1980 distet
1309 1927 1381 1981 uno
1414 1902 1541 2004 gradu,

382 2025 462 2106 ideo
490 2025 620 2104 dicitur
648 2049 725 2104 esse
753 2027 790 2102 13
817 2024 930 2128 primo
959 2022 1090 2126 gradu3
1113 2023 1185 2102 filia
1205 2022 1326 2102 fratris
1344 2050 1454 2129 quum
1487 2024 1542 2103 di-

382 2163 453 2229 3131
480 2147 620 2228 duobus
649 2146 819 2251 gradibus
847 2173 867 2224 a
896 2146 1033 2252 stipite,
1065 2147 1144 2226 ideo
1173 2147 1304 2226 dicitur
1335 2173 1413 2228 esse
1433 2151 1471 2228 13
1490 2173 1548 2228 sc-

382 2271 499 2352 cundo
527 2269 848 2373 consanguinitatis
868 2269 994 2373 gradu.
1014 2315 1037 2330 -
1057 2273 1172 2359 Quare
1201 2269 1310 2350 irater
1329 2284 1364 2350 et
1383 2271 1454 2352 [ilia
1475 2271 1548 2350 133-

381 2396 447 2474 1313
465 2396 610 2499 1313333
625 2391 804 2472 coniuncti
819 2391 988 2472 dicuntur
1003 2391 1040 2470 in
1055 2391 1210 2472 secundo
1225 2395 1546 2498 consanguinitatis

383 2517 495 2622 gradu
523 2521 722 2620 attingente
749 2519 916 2621 primum.

460 2653 499 2746 3.
531 2640 682 2747 Repcloe
713 2666 817 2746 porro
845 2641 890 2720 ad
924 2641 1180 2748 computandos
1212 2656 1248 2721 et
1281 2644 1543 2746 cognoscendos

380 2765 701 2870 consanguinitatis
717 2767 861 2870 gradus,
885 2767 953 2846 hae
972 2781 1044 2846 tres
1058 2767 1292 2846 communiter
1312 2780 1542 2851 statuuntur:

460 2892 587 2971 Primo
614 2890 758 2996 regulo:
776 2895 818 2970 In
836 2891 931 2971 linea
947 2903 1043 2971 recto
1057 2905 1129 2970 tam
1148 2889 1417 2971 ascendentium
1437 2918 1544 2996 quam

379 3015 674 3098 descendentium
702 3029 755 3094 tot
783 3029 867 3095 sunt
887 3015 1018 3120 gradus
1037 3029 1125 3122 quot
1143 3039 1331 3121 personae,
1354 3017 1545 3096 33311333-

381 3153 458 3246 pta,
488 3165 615 3244 nempe
643 3139 780 3244 stipite,
811 3165 831 3216 3
859 3164 930 3244 quo
957 3138 1101 3219 ducitur
1129 3139 1242 3244 prima
1261 3143 1382 3242 origo;
1405 3139 1459 3218 vei
1479 3139 1546 3218 311-

379 3277 452 3345 ter:
482 3277 535 3344 tot
561 3279 647 3344 sunt
675 3265 806 3368 gradus
833 3278 921 3371 quot
947 3279 1032 3345 snut
1059 3265 1304 3370 generationes
1333 3262 1407 3371 (1).

461 3389 621 3469 Secundo
653 3388 801 3496 regalo:
834 3393 877 3468 Iu
910 3389 1004 3468 linea
1042 3401 1248 3470 transuerso
1283 3387 1427 3494 aequali
1457 3401 1545 3494 quot

379 3512 550 3618 gradibus
577 3537 750 3619 personae
777 3511 912 3592 distant
941 3513 1113 3618 astipite,
1143 3525 1197 3593 tot
1218 3510 1387 3616 gradibus
1406 3512 1545 3592 distant

379 3639 473 3718 inter
500 3661 538 3716 se
567 3638 647 3742 (⁶2);
670 3662 749 3733 seu,
781 3649 834 3717 tot
861 3648 945 3716 suut
974 3635 1119 3740 gradus,
1150 3650 1238 3743 quot
1266 3650 1351 3716 sunt
1369 3659 1543 3742 personae

379 3761 417 3839 iu
444 3785 517 3838 uua
544 3774 661 3866 parte,
694 3760 816 3865 stipite
844 3759 1000 3864 dempto.
1032 3765 1119 3839 Tota
1147 3760 1241 3838 euim
1269 3773 1305 3840 et
1339 3759 1545 3864 adaequata

383 3885 475 3964 ratio
503 3885 775 3965 coniunctionis
792 3885 918 3964 harum
946 3911 1178 3991 personarum
1205 3885 1298 3964 inter
1326 3910 1364 3964 33
1383 3898 1438 3964 331
1457 3885 1556 3963 unio.

384 4033 463 4087 oum
492 4009 667 4088 communi
696 4009 833 4115 stipite.

446 4171 482 4244 (11
504 4171 620 4242 Pirtrtug
647 4170 666 4226 t.
687 4185 710 4226 3.
731 4186 761 4226 3.
783 4175 812 4230 11
847 4199 879 4208 -
904 4169 1065 4226 sancirent.
1087 4186 1111 4226 3.
1137 4187 1167 4228 n.
1189 4178 1220 4232 tt
1242 4203 1273 4211 —
1295 4172 1453 4229 Laureuius
1475 4171 1494 4227 t.
1517 4185 1542 4226 3.

381 4264 491 4330 quaest.
511 4264 572 4316 aaa.

446 4345 482 4417 (11
503 4349 578 4404 11333
596 4345 693 4418 regula
713 4345 872 4402 desumitur
890 4359 926 4402 eu
945 4359 1008 4416 cap.
1028 4345 1223 4405 3313313332.
1244 4355 1271 4404 ot
1290 4361 1351 4418 cap.
1381 4346 1542 4418 parentela

376 4439 421 4490 11.
441 4439 551 4506 quaeat.
572 4440 597 4501 1,
620 4441 651 4492 31
670 4440 767 4491 331331
787 4432 903 4504 Pirhing
932 4431 952 4488 .'.
973 4447 995 4487 3.
1018 4447 1048 4490 a.
1068 4439 1094 4490 1.
1116 4441 1143 4492 31
1167 4433 1291 4492 Sanchez
1313 4435 1333 4491 1.
1353 4450 1376 4492 3.
1398 4449 1429 4490 n.
1444 4441 1471 4490 5.
