3406 5302
661 443 831 504 -ato-

166 564 393 654 mioiculom,
421 567 524 645 cuius
551 591 617 670 ope
651 566 739 646 satis
772 566 949 670 praesumi
981 578 1089 669 queat
1117 565 1257 642 animus
1286 563 1328 642 l-

166 689 271 792 gendi
301 691 338 768 iu
364 715 406 769 eo
434 691 508 770 loco
537 691 663 770 saltem
690 689 1042 796 quasi-domicilium.
1076 688 1251 768 {dautem
1271 687 1325 766 vel

162 839 207 892 en
235 839 276 892 eo
304 814 489 894 evidenter
525 813 717 915 colligitur,
748 812 843 918 quod
876 839 956 890 mon
987 810 1149 890 Pontilen
1177 809 1344 902 subdat·
1380 887 1384 898 ,

164 937 256 1016 nolle
284 964 322 1018 se
349 939 595 1044 quaestionem
623 939 802 1032 dirimere,
825 963 871 1016 an
890 952 1030 1042 praeter
1054 934 1325 1041 praecedentem

164 1060 291 1140 mensis
320 1061 578 1142 habitationem
607 1063 810 1167 requiratur
838 1063 984 1166 insuper
1017 1073 1097 1166 post
1124 1073 1324 1138 contractas

166 1187 309 1288 nuptias
337 1185 561 1290 subsequens
590 1186 764 1266 habitatio
790 1186 836 1262 ad
869 1184 1012 1290 aliquod
1046 1187 1214 1290 temporis
1241 1209 1325 1288 spa-

165 1308 268 1384 tium.
310 1309 346 1385 Si
384 1309 477 1388 euim
516 1309 759 1404 definivisset,
800 1310 954 1414 spatium
992 1309 1124 1388 mensis
1161 1309 1325 1388 sufficere

164 1432 328 1512 toxotioe
354 1433 399 1512 ad
428 1433 516 1512 illud
552 1433 889 1538 quasi-domicilium
931 1430 1219 1512 constituendum
1252 1455 1324 1536 quo

165 1571 285 1660 posset
322 1557 452 1638 ibidem
495 1557 610 1636 valide
651 1560 911 1636 matrimonium
949 1555 1124 1650 contrahi,
1165 1581 1206 1634 eo
1247 1557 1324 1660 ipso

163 1680 271 1756 etiam
286 1679 520 1775 definivisset,
538 1680 815 1785 subsequentem
835 1657 1092 1758 habitatidnem
1120 1679 1163 1758 ad
1179 1677 1324 1783 aliquod

163 1805 332 1908 temporis
364 1805 520 1908 spatium
552 1805 760 1884 nullatenus
793 1829 870 1882 esse
908 1803 1157 1882 necessariam.
1185 1847 1208 1862 -
1232 1803 1324 1882 llinc

164 1925 280 2032 decipi
307 1927 376 2008 hoc
403 1931 440 2006 in
468 1943 602 2034 puncto
632 1928 772 2008 videtur
799 1933 951 2006 Perrone
979 1927 1166 2029 (demetr.
1198 1926 1321 2006 christ.

164 2049 229 2130 oo.
263 2063 300 2132 9.
332 2066 415 2132 sect.
451 2065 485 2132 t.
517 2079 548 2131 c.
581 2062 618 2130 6.
650 2065 723 2132 ort.
756 2063 793 2132 5.
822 2077 909 2156 pop.
942 2052 1040 2154 978)
1076 2052 1138 2154 qui
1170 2050 1323 2130 adducta

165 2177 326 2281 praelata
355 2179 537 2258 Benedicti
564 2180 644 2256 XIV
672 2178 835 2283 epistola,
867 2179 1028 2256 toxotive
1047 2177 1180 2256 dictum
1207 2177 1325 2256 tenuit

164 2301 321 2404 spatium
349 2301 455 2379 unius
483 2305 609 2380 coensis
638 2301 791 2406 sufficere
810 2300 855 2378 ad
879 2300 1229 2405 quasi-domicilium.
1252 2303 1325 2378 Nec

164 2424 237 2504 ullo
265 2440 369 2528 pacto
397 2429 473 2504 eius
502 2426 658 2530 opinioni
687 2425 873 2527 suffragari
901 2437 1050 2529 possunt
1072 2428 1117 2500 H.
1140 2427 1177 2500 S.
1201 2427 1238 2502 C.
1262 2421 1325 2500 de-

164 2549 328 2644 cisiones,
369 2577 459 2654 quas
491 2551 646 2644 invocat,
678 2576 698 2628 a
730 2553 898 2651 Fagnano
935 2561 1222 2628 commemoratas
1259 2547 1323 2653 (ln

164 2683 247 2750 tert.
278 2680 417 2752 Decret.
449 2699 527 2778 cap.
559 2671 684 2777 cippis.
717 2697 778 2750 on.
811 2682 860 2752 35
889 2684 921 2750 et
948 2697 1040 2778 seqq.
1072 2671 1113 2750 de
1137 2669 1320 2776 paroch).

164 2798 274 2876 Recte
302 2799 395 2876 enim
423 2798 612 2902 perpendit
640 2797 833 2877 clericatus
859 2796 921 2900 (de
946 2796 1109 2874 matrim.
1134 2795 1240 2874 decis.
1271 2803 1323 2874 35

165 2945 200 2998 o.
234 2924 301 3024 19)
330 2922 379 3000 ita
408 2921 516 3000 luisse
545 2921 641 3002 hisce
670 2922 707 2998 in
726 2920 868 3000 casibus
887 2947 906 2998 a
927 2925 964 2998 S.
984 2925 1021 2998 C.
1044 2920 1216 3014 decisum,
1238 2919 1324 3023 quia

164 3044 415 3124 contrahentes
443 3047 511 3122 iam
540 3069 582 3124 co
609 3047 646 3122 in
672 3043 750 3122 loco
777 3043 997 3122 domicilium
1018 3041 1326 3148 relcuom-dome}
1441 3127 1443 3132 ,

164 3165 286 3244 cilium
322 3167 506 3272 assequuti
544 3166 699 3246 fueraut.
736 3171 791 3248 lta
824 3167 931 3246 etiam
966 3166 1144 3248 sentiebat
1176 3167 1324 3272 ipsemet

164 3289 376 3370 benedictus
403 3295 483 3370 XIV
511 3306 701 3396 antequam
723 3295 818 3370 Petri
846 3291 1055 3372 Cathedram
1071 3291 1322 3372 conscenderet

166 3415 238 3516 (Clr
256 3417 319 3492 cit.
338 3415 458 3494 Instit.
478 3425 541 3498 33.
564 3441 601 3492 a.
625 3417 681 3518 9).
700 3419 900 3494 -Ceterum
920 3417 1048 3522 inipso
1067 3416 1201 3495 duriori
1216 3443 1323 3496 causa

165 3539 458 3642 Aquisproneosi,
487 3541 517 3616 si
547 3540 652 3618 unius
672 3540 798 3616 mensis
818 3536 991 3616 bobitotio
1019 3539 1179 3618 toxotioe
1198 3539 1324 3620 luisset

164 3675 307 3766 accepta
336 3661 382 3742 ab
402 3667 446 3742 H.
471 3667 509 3742 S.
531 3667 569 3742 C.
593 3663 646 3742 uti
675 3663 846 3766 sufficiens
867 3666 1119 3744 commemoria
1138 3663 1180 3742 ad
1201 3668 1325 3770 quasi-

164 3783 380 3864 domicilium
408 3785 679 3890 acquirendum,
712 3785 840 3866 iamin
860 3786 942 3866 dato
962 3813 1130 3893 responso
1149 3813 1221 3868 non
1240 3787 1327 3866 sub-

164 3907 355 3989 iunrisset:
397 3910 496 3990 Alios
530 3911 572 3990 de
603 3935 691 3990 novo
725 3909 1013 4012 referendorum
1053 3912 1325 4016 Conprcpotione

163 4029 236 4134 (etr
264 4037 423 4136 Fagnau.
455 4035 480 4112 l.
511 4059 543 4112 c.
576 4059 613 4110 u.
646 4031 727 4134 39).
760 4037 802 4110 ln
821 4057 862 4110 ca
881 4035 974 4112 enim
995 4035 1183 4142 hypothesi
1204 4048 1321 4114 actum

165 4149 291 4232 luisset
318 4155 360 4231 do
390 4154 449 4234 illo
476 4151 700 4234 matrimonio
737 4153 1013 4234 Traiectensium
1047 4158 1077 4234 si
1106 4154 1322 4234 celebratum

165 4273 289 4354 luisset
306 4278 518 4382 lquisgrani
531 4289 608 4382 post
625 4299 764 4366 rnorem
781 4299 897 4356 uterne
915 4278 1110 4374 breviorem
1123 4282 1161 4358 in
1179 4305 1221 4356 ea
1236 4279 1325 4358 ciri·

166 4413 250 4478 tate.
265 4446 289 4460 -
310 4405 404 4480 Haec
423 4403 547 4480 scdulo
567 4399 719 4478 recolere
736 4398 877 4477 omnino
896 4427 985 4507 opus
1004 4417 1080 4482 erat
1095 4405 1132 4482 in
1148 4404 1318 4482 themate.
