3406 5302
860 427 898 442 ..
919 394 978 458 233
1000 426 1036 442 ..

360 521 431 600 vim
477 519 627 600 haberet
671 520 848 624 partioula
892 518 1107 600 matrimonii
1144 515 1347 596 Dominioae
1380 519 1438 610 P.,
1483 537 1524 592 ao

360 643 471 722 habet
507 642 682 748 partioula
722 643 938 722 matrimonii
980 641 1102 756 dioisii
1139 644 1181 718 B.
1213 643 1289 718 lam
1330 638 1425 718 onim
1468 661 1525 716 ro-

359 766 489 847 ferenti
517 767 555 845 in
583 780 661 846 aeta
676 766 939 846 matrimonium
958 778 1032 848 tam
1047 765 1185 860 matris,
1209 789 1317 869 quam
1336 763 1415 857 filii,
1439 761 1526 840 fides

360 889 564 970 adhibenda
592 903 647 970 est
675 889 829 994 parooho
856 889 930 970 sive
959 889 1054 993 quod
1084 901 1235 981 asserat,
1258 887 1429 968 Aleisinm
1449 911 1526 966 esse

361 1014 473 1094 filium
510 1013 712 1094 Dominioae
748 1019 807 1107 P.,
838 1014 912 1094 sive
940 1013 1036 1118 quod
1073 1013 1110 1094 in
1149 1012 1291 1092 tabulas
1328 1011 1522 1106 retulisset,

361 1137 593 1232 Dominieam,
611 1150 761 1243 nuptam
779 1137 978 1240 Augustino
997 1141 1056 1232 B.,
1078 1161 1156 1216 esse
1171 1135 1279 1214 filiam
1299 1134 1461 1214 Andreae
1480 1139 1521 1212 P.

362 1261 545 1368 Siquidem
572 1285 643 1340 non
672 1260 790 1364 agitur
810 1260 868 1339 hio
886 1261 930 1340 de
949 1261 1152 1343 testimonio
1167 1259 1312 1340 ferendo
1331 1285 1352 1336 a
1371 1258 1525 1364 parooho

361 1387 455 1466 oiroa
482 1385 745 1464 matrimonium
773 1409 891 1464 eoram
926 1411 965 1464 se
1001 1385 1233 1479 celebratum,
1266 1386 1304 1464 in
1338 1411 1412 1490 quo
1450 1384 1526 1489 ipse

361 1511 465 1590 testis
492 1523 547 1588 est
574 1535 638 1615 pro
667 1507 824 1588 Euolesia
852 1533 896 1587 er
916 1507 1010 1590 iaetu
1028 1509 1205 1614 personali
1225 1522 1261 1588 et
1280 1508 1442 1604 solemni;
1465 1505 1527 1587 sed

362 1635 482 1740 agitur
509 1633 553 1712 de
582 1633 752 1713 filiatione
779 1633 854 1724 sive
892 1632 1067 1738 iepitimo,
1105 1634 1180 1714 sive
1216 1633 1407 1740 iiiepitimo
1454 1629 1527 1734 (Cir

362 1784 481 1866 praee.
514 1784 550 1836 o.
583 1761 624 1860 8)
652 1783 715 1863 per
742 1759 889 1863 paroohi
916 1759 1158 1864 prudentiam,
1198 1783 1243 1838 ne
1275 1758 1393 1838 subsit
1421 1757 1527 1861 [roos

362 1883 418 1963 vel
446 1907 562 1970 error,
591 1881 819 1977 industriam,
849 1882 1064 1988 probitatem
1092 1907 1136 1960 err
1165 1881 1346 1962 adiunctis
1378 1893 1525 1978 testata,

363 2020 400 2088 et
426 2007 571 2112 quidem
600 2018 753 2111 tempore
780 2033 849 2086 ooo
875 2020 1050 2113 suspecto·
1069 2053 1094 2070 -
1114 2009 1232 2109 agitur
1252 2007 1381 2086 nonde
1401 2032 1528 2110 magna

361 2131 531 2236 parochia
550 2131 703 2210 alieuius
723 2131 838 2226 urbis,
860 2131 923 2210 sed
952 2132 996 2210 de
1025 2157 1135 2238 parva
1165 2129 1286 2235 oppidi
1307 2135 1368 2226 B.,
1387 2130 1425 2210 in
1456 2155 1528 2234 qua

364 2278 487 2334 omnes
515 2253 724 2360 plerumque
752 2253 906 2334 familias
935 2267 1044 2360 atquo
1065 2278 1236 2360 personas
1255 2279 1406 2332 ooaevus
1426 2279 1530 2359 paro-

364 2379 454 2458 ohus
468 2381 595 2458 nosoit.
614 2425 639 2440 -
653 2380 720 2469 oni
733 2381 842 2482 igitur
856 2379 933 2458 fiori
948 2383 1079 2486 potuit,
1102 2393 1142 2459 ut
1156 2379 1333 2482 parochus
1353 2377 1524 2484 oppidiB.

363 2527 435 2582 non
463 2501 576 2608 probe
604 2503 757 2598 noverit,
789 2516 852 2582 aut
880 2503 988 2584 [uerit
1006 2503 1195 2584 errororei
1214 2500 1339 2582 fraude
1358 2501 1528 2606 deeeptus

363 2653 444 2732 epm
463 2627 621 2732 scripsit,
644 2627 815 2707 Aloisium
833 2633 893 2722 B.,
916 2654 1061 2708 uxorem
1086 2629 1292 2723 ducturum,
1315 2651 1393 2706 esse
1416 2626 1528 2705 filium

363 2751 555 2853 Augustini
583 2754 625 2828 B.
656 2764 693 2830 et
720 2751 924 2830 Dominioae
951 2757 992 2832 P.
1024 2753 1079 2832 vel
1108 2752 1226 2832 adhue
1262 2750 1430 2846 virentis,
1470 2748 1528 2829 vei

363 2901 478 2982 nuper
505 2901 525 2955 e
554 2877 644 2954 vivis
672 2875 859 2956 sublatam

888 3057 927 3156 g.
960 3065 998 3134 3.

338 3279 344 3294 '
484 3283 642 3362 Quasnam
664 3282 744 3358 oros
761 3283 1005 3377 poroohidibus
1028 3285 1122 3358 libris
1145 3285 1192 3360 sit
1214 3285 1406 3360 adhibenda.

447 3503 508 3574 ii.
540 3501 669 3575 Verum
697 3495 792 3576 enim
820 3524 904 3578 vero
929 3523 1122 3604 quamnam
1142 3497 1246 3578 fidem
1266 3511 1448 3578 merentur
1463 3522 1527 3601 pa-

367 3617 542 3698 rochiales
579 3619 662 3698 libri
699 3619 996 3726 adprobandum
1034 3621 1326 3726 impedimentum
1346 3621 1420 3700 sive
1444 3645 1530 3699 oon-

366 3741 635 3844 snnguinitatis,
681 3743 755 3824 sive
796 3745 895 3824 aliud
933 3743 1111 3850 quodvisi
1131 3749 1222 3826 -Ut
1264 3745 1307 3824 iis
1348 3743 1529 3822 oodioibus

364 3877 401 3944 et
429 3866 557 3970 ouique
586 3893 690 3945 suurn
718 3868 893 3973 probandi
921 3869 1044 3962 robur,
1075 3895 1118 3948 ea
1149 3895 1220 3976 qua
1249 3894 1313 3974 par
1350 3880 1404 3947 est
1431 3892 1531 3946 men·

365 4016 465 4086 sura,
509 3989 695 4086 reddatur,
741 3991 966 4072 retinendum
1008 4005 1077 4088 est,
1122 3995 1210 4072 oitra
1244 4017 1382 4072 omnem
1424 3990 1531 4070 dubi-

362 4114 511 4196 tationis
538 4116 666 4210 aleam,
698 4116 808 4196 libros
835 4115 1057 4221 paroehiales
1094 4116 1236 4221 plenam
1267 4117 1377 4220 iidem
1415 4115 1531 4195 faeere

361 4250 533 4342 tanquam
575 4235 717 4341 publiea
759 4235 996 4318 instrumenta
1038 4261 1187 4342 magnae
1228 4237 1454 4317 auctoritatis
1493 4236 1531 4315 in

360 4359 412 4451 jis
439 4384 532 4464 quae
568 4359 745 4466 paroohus
772 4362 826 4440 uti
855 4360 957 4441 testis
984 4384 1029 4440 er
1057 4359 1149 4442 iooto
1177 4374 1213 4442 et
1241 4361 1355 4442 offioio
1387 4361 1531 4468 proprio
