3456 5300
688 439 725 452 -
746 405 785 470 93
806 439 844 456 ..

181 525 348 604 dicarunt
376 553 419 606 ex
448 527 525 633 ipso
553 534 681 608 camd
710 533 852 610 Concilii
872 533 1031 612 Trullani
1051 533 1107 611 his
1122 531 1257 613 verbis:
1281 533 1346 612 Eis

182 649 322 754 nesorio
349 651 512 731 uidelicet
540 651 598 760 (i)
627 653 797 734 dissoluto
825 655 999 762 coniupio.

263 777 416 852 <Favet
444 773 552 854 etiam
585 776 700 857 eidem
734 781 932 858 sententiae
966 777 1159 858 auctoritas
1187 783 1352 885 Impera-

181 895 269 973 toris
302 897 509 992 Iustiniani,
544 901 607 1004 qui
640 901 677 978 in
710 901 830 982 codice
862 929 882 980 a
914 903 1131 982 Gothclredo
1167 903 1347 984 illustrato

180 1015 242 1096 tit.
275 1023 313 1097 l.
345 1020 387 1098 de
423 1021 586 1128 Episcop.
624 1035 657 1102 et
695 1024 821 1104 Cierio.
861 1026 999 1106 Neocli.
1038 1031 1105 1113 45,
1143 1025 1349 1105 huiusmodi

180 1143 326 1248 nuptias
354 1144 509 1224 nelarias
536 1161 571 1226 et
600 1148 821 1228 incestuosas
857 1149 1027 1256 appellat,
1059 1165 1096 1230 ct
1123 1149 1236 1229 soboli
1264 1150 1348 1230 inde

180 1271 385 1374 procreatae
413 1285 533 1351 notam
568 1273 831 1377 illegitimitatis
858 1289 895 1354 ct
922 1289 1060 1381 turpem
1093 1269 1274 1380 paternae
1291 1276 1350 1354 in-

181 1394 420 1474 continentiae
449 1395 622 1475 maculam
655 1399 779 1477 inurit.
812 1401 857 1477 Et
885 1399 967 1478 licet
994 1400 1032 1478 in
1064 1397 1204 1477 iuribus
1232 1399 1346 1477 eccle-

179 1519 331 1597 siasticis
360 1523 529 1624 potestati
556 1521 668 1599 laicae
684 1522 758 1600 sola
773 1521 896 1600 relicta
916 1523 964 1600 sit
983 1521 1092 1626 gloria
1108 1521 1342 1628 obsequendi,

181 1667 252 1721 non
281 1644 476 1724 auctoritas
504 1644 720 1752 imperandi;
742 1648 779 1722 in
798 1643 959 1724 subiecto
979 1658 1098 1724 tamen
1117 1670 1202 1724 casu
1230 1645 1350 1750 loqui-

180 1782 237 1846 tur
265 1773 462 1875 Imperator
491 1771 638 1850 relative
667 1769 712 1848 ad
740 1797 790 1850 ss.
821 1793 989 1866 canones,
1021 1771 1090 1848 ibi:
1122 1795 1213 1876 quac
1240 1781 1348 1849 etso-

179 1891 248 1970 crt's
263 1895 356 1996 ,uiso
385 1906 467 1973 suat
495 1895 685 1974 canoaldus
709 1927 743 1972 a.

258 2027 323 2100 20.
355 2015 543 2100 Posteriori
572 2035 691 2100 autem
720 2021 979 2099 Constitutione
1009 2021 1095 2100 item
1114 2046 1177 2126 pro
1206 2021 1347 2125 cophtis

178 2142 361 2221 catholicis
376 2142 472 2222 edita
492 2145 551 2250 (2)
567 2143 660 2223 idem
674 2143 836 2223 Pontilex
851 2143 1026 2249 quaedam
1046 2143 1240 2223 decernens
1254 2170 1347 2249 quo-

179 2267 223 2344 ad
252 2267 538 2373 dispensationes
566 2294 674 2374 super
700 2269 935 2347 matrimoniis
963 2268 1249 2373 contractispost
1278 2272 1348 2346 Or-

178 2389 296 2470 dinem
316 2418 455 2470 sacrum
472 2390 545 2496 (3),
564 2393 692 2470 iterum
704 2393 796 2471 hanc
811 2394 926 2495 tangit
944 2392 1202 2496 quaestionem.
1220 2391 1350 2482 Quoad

176 2515 461 2621 dispensationes
497 2517 620 2621 itaque
652 2516 801 2595 scribitz.
828 2545 846 2590 c
870 2514 1010 2608 Auditis
1042 2521 1344 2620 Congregatorum

176 2639 369 2742 suffragiis,
392 2641 430 2718 in
449 2666 490 2718 ea
510 2639 640 2718 luimus
668 2642 861 2734 sententia,
878 2653 919 2719 ut
938 2640 1071 2718 nemini
1090 2639 1241 2720 facultas
1268 2641 1346 2720 dis-

176 2763 350 2868 pensandi
380 2761 645 2859 concederetur,
677 2761 738 2841 sed
777 2761 858 2841 Sedi
896 2763 1109 2868 apostolicae
1142 2787 1346 2843 reservare-

176 2898 254 2982 tur;
286 2899 328 2965 ut
356 2913 435 2965 cum
463 2911 567 2966 casus
594 2889 796 2990 contigerit,
827 2899 862 2966 ct
882 2887 1102 2993 dispensatio
1121 2889 1336 2993 postuletur,

175 3024 315 3088 mature
344 3011 592 3116 expendantur
619 3037 711 3116 quae
729 3035 874 3089 necesse
894 3023 949 3091 est
963 3010 1203 3107 considerare,
1225 3024 1266 3090 ut
1284 3012 1341 3092 uel

176 3133 391 3213 concedatur
418 3135 474 3214 vel
503 3135 697 3238 denegetur
725 3135 957 3240 dispensatio,
990 3135 1128 3214 cumde
1148 3161 1186 3214 re
1207 3137 1347 3238 gravis-

177 3257 265 3334 sinra
294 3284 334 3335 ac
362 3259 480 3362 magni
508 3259 676 3337 momenti
715 3271 855 3362 agatur.
886 3261 1076 3337 Decretum
1108 3271 1229 3337 autem
1257 3285 1342 3338 con·

180 3381 294 3461 ditum
322 3397 376 3463 est
404 3387 441 3462 in
479 3385 567 3464 haec
604 3384 733 3464 verba:
757 3365 780 3444 ἷ-
800 3391 999 3463 decurrant
1030 3384 1078 3463 od
1110 3384 1343 3492 apostolicam

177 3505 299 3586 seriem
327 3507 365 3586 in
393 3509 530 3588 casibus
555 3509 863 3616 porticaloridas;
890 3509 929 3588 in
956 3509 1082 3616 quibus
1101 3511 1133 3588 si
1160 3511 1199 3590 olr
1214 3536 1340 3616 proces

245 3703 281 3776 tl)
300 3704 521 3777 Papp—sziligyi
542 3704 563 3792 lt
575 3720 598 3762 c.
613 3703 749 3762 exscribit
767 3703 921 3776 manifesto
934 3717 985 3776 pro
1003 3703 1135 3761 uidelicet
1154 3718 1190 3760 ex
1201 3703 1338 3761 trullano

175 3805 284 3954 mill
302 3881 470 3938 Benedictus
484 3883 545 3938 xlv
557 3887 649 3938 const.
662 3885 747 3937 lone
759 3885 882 3938 uertente
892 3893 992 3952 repar.
1005 3880 1059 3938 suit
1070 3880 1117 3938 die
1129 3879 1257 3938 ieiunii
1270 3884 1342 3938 {760

174 3969 203 4040 s.
225 3975 324 4132 'lapid
336 3985 502 4132 dddduenter
514 4057 617 4116 eccidit
629 4058 701 4115 inter
714 4057 855 4114 lacobitas
868 4057 987 4128 (Syriaci
1002 4056 1098 4131 ritus),
1112 4057 1239 4130 aliosque
1251 4058 1341 4115 schis-

174 4148 302 4211 maticos,
323 4149 372 4220 qui
394 4155 456 4219 post
483 4153 646 4218 susceptum
669 4147 853 4204 Diaconatum
877 4161 961 4216 saepe
983 4147 1092 4204 ducunt
1114 4163 1231 4206 uxores.
1263 4150 1335 4205 Cum

174 4243 268 4293 autem
288 4237 428 4294 eirrsmodi
449 4236 549 4295 Clerici
570 4238 599 4292 in
619 4237 708 4292 sacris
727 4234 881 4300 constituti,
902 4235 1055 4294 schismate
1069 4242 1096 4294 et
1112 4236 1259 4295 erroribus
1279 4237 1339 4292 ein·

174 4322 254 4387 raris,
274 4322 310 4380 ad
330 4322 426 4380 sinum
447 4323 566 4380 redeunt
577 4326 606 4379 S·
623 4324 659 4380 lt.
675 4321 813 4380 Ecclesiae
826 4319 990 4389 catholicae,
1003 4322 1147 4394 agendum
1166 4320 1291 4380 occurrit
1304 4320 1341 4380 de

172 4421 273 4466 eornm
292 4409 434 4468 celebrato
454 4417 518 4483 post
536 4425 633 4468 sacros
651 4408 772 4466 Ordines
792 4407 983 4468 matrimonio.
