3424 5300
655 455 688 468 -
713 376 844 486 traa-¹

158 564 282 658 postea
311 573 374 655 per
401 547 569 629 domicilii
597 562 661 628 aut
688 561 806 628 status
837 549 1069 628 mutationem
1103 548 1217 626 lorum
1245 569 1324 626 mu-

159 675 304 770 taverit,
336 685 477 752 tenetur
505 672 737 752 nihilomiuus
765 699 881 754 coram
910 677 1025 780 priore
1041 671 1157 752 iudice
1178 699 1328 780 respou-

160 801 242 878 dere
271 814 308 879 et
335 825 480 879 eausam
515 801 683 904 prosequi
720 797 795 906 (1),
830 814 872 878 ut
904 813 1044 879 constat
1074 825 1119 877 eu
1155 801 1326 880 decretali

158 923 318 1027 Gregorii
360 927 410 1000 IX
438 921 510 1028 (ἓ).
547 919 635 1000 Nam
668 948 746 1000 cum
785 923 869 1002 huie
905 923 1066 1002 Pontifici
1105 923 1326 1028 propositum

160 1047 287 1127 luisset
314 1045 411 1150 quod
439 1045 606 1124 subditus
635 1045 819 1124 cuiusdam
848 1047 899 1151 (e.
931 1073 985 1150 gr.
1008 1046 1174 1152 Episcopi
1202 1052 1326 1150 dugu-

159 1171 271 1272 stani)
301 1170 346 1248 ad
374 1167 803 1274 petitionem'adversarii
838 1169 908 1263 sui,
940 1169 985 1248 ab
1018 1168 1141 1248 eodem
1168 1167 1324 1278 legitime

159 1295 306 1374 citatus*
320 1318 427 1398 super
455 1317 562 1370 eausa
581 1291 750 1396 quadam,
773 1291 943 1371 iudicium
963 1318 1080 1372 coram
1098 1291 1220 1370 eodem
1240 1293 1326 1397 Epi-

159 1443 265 1522 scope
293 1416 470 1496 declinare
498 1414 598 1508 velit,
630 1441 671 1494 eo
698 1415 795 1520 quod
823 1429 947 1520 postea
967 1415 1120 1522 (scilicet
1138 1429 1219 1520 post
1237 1415 1327 1493 eita-

160 1538 308 1645 tionem)
337 1539 484 1617 alterius
512 1537 749 1616 iurisdietioni
777 1538 959 1618 subiectus
987 1537 1111 1617 luerit:
1144 1537 1326 1643 respondit

160 1667 270 1768 Papa,
301 1660 397 1766 quod
426 1664 463 1738 iu
492 1660 551 1738 illa
580 1686 688 1740 eausa
717 1664 773 1740 ius
801 1661 990 1741 revocandi
1018 1663 1092 1740 sive
1121 1658 1325 1738 declinandi

160 1784 274 1864 lorum
302 1809 374 1863 non
402 1783 548 1878 habeat,
580 1783 712 1890 quippe
741 1812 762 1864 a
790 1786 906 1890 priore
936 1784 1051 1864 iudice
1067 1787 1136 1862 iarn
1152 1809 1327 1889 praeven-

162 1925 272 1988 tus·
290 1907 387 1986 ldem
416 1907 570 1988 habetur
598 1908 635 1985 in
665 1909 741 1987 iure
770 1934 914 1988 romano
944 1911 1017 2013 (3),
1041 1935 1112 2014 quo
1140 1910 1194 1987 vir
1223 1908 1326 1986 miles

160 2031 291 2126 lactus,
323 2029 581 2134 adaequeiam
618 2027 766 2110 s'ortitus
795 2032 913 2129 lorum
944 2033 1111 2128 militare,
1142 2047 1179 2111 et
1205 2031 1325 2136 puella

160 2159 229 2234 iam
257 2155 350 2233 laeta
378 2180 481 2247 uuor,
513 2154 671 2259 adeoque
691 2155 761 2232 iam
780 2157 905 2234 sortita
934 2155 1047 2234 lorum
1067 2155 1245 2250 maritale,
1268 2157 1324 2234 iu-

160 2281 290 2360 bentur
317 2281 456 2384 litigare
496 2306 608 2384 usque
637 2281 681 2359 ad
710 2280 928 2360 definitivam
962 2281 1176 2361 sententiam
1208 2307 1324 2360 ceram

159 2405 275 2484 iudice
313 2431 333 2480 a
355 2429 426 2507 quo
454 2429 516 2508 per
536 2405 739 2483 citationem
760 2407 944 2510 praeventi
964 2406 1108 2484 luerunt
1128 2421 1211 2485 ante
1227 2407 1324 2484 illam

160 2541 276 2606 status
303 2541 339 2606 et
367 2526 433 2605 lori
461 2528 708 2606 mutationem.
741 2530 848 2606 Ratio
876 2526 1066 2608 decisionis
1079 2543 1148 2626 est,
1166 2531 1250 2632 quia
1270 2529 1334 2608 iu-.
1391 2539 1404 2574 ⁸*

159 2651 305 2747 dicium,
338 2653 400 2730 uhi
429 2652 536 2730 semel
565 2663 727 2757 caeptum
755 2665 823 2748 est,
855 2653 905 2731 ibi
933 2667 969 2732 et
996 2652 1090 2730 finiri
1118 2653 1263 2758 debet(
1291 2654 1321 2756 ).

240 2787 278 2856 8.
309 2784 362 2856 De
388 2780 618 2882 cmopeteutt'n
654 2778 728 2881 fori
754 2779 793 2856 ie
821 2777 977 2856 Ecclesia
1011 2777 1192 2857 orientali.
1230 2782 1327 2856 llaec

161 2901 356 3004 generatim
385 2901 428 2979 de
457 2903 694 3007 competentia
723 2899 788 2978 lori
816 2926 880 3006 pro
908 2902 1025 2980 causis
1057 2900 1327 2979 matrimoniali-

160 3023 227 3104 bus
255 3027 293 3103 in
321 3024 477 3104 Ecclesia
508 3025 633 3103 latina.

238 3153 369 3226 Verum
398 3149 427 3226 si
459 3147 578 3252 aliqua
606 3147 877 3226 matrimonialis
896 3172 1004 3226 causa
1023 3147 1116 3226 inter
1135 3147 1325 3225 orientales

161 3271 292 3350 fideles
310 3271 437 3365 oritur,
470 3274 630 3375 inspecto
658 3271 834 3349 Ecclesiae
864 3269 1046 3348 orientalis
1069 3271 1145 3348 iure
1166 3294 1238 3348 non
1265 3293 1327 3346 ea-

161 3395 238 3476 dem
267 3421 390 3476 norma
419 3396 457 3472 in
485 3393 721 3474 diiudicanda
744 3393 809 3473 lori
837 3395 1072 3499 competentia
1111 3394 1234 3474 haberi
1262 3419 1326 3498 po-
1391 3427 1396 3440 ·

161 3533 242 3600 test.
276 3523 319 3597 ln
347 3519 527 3624 praesenti
560 3521 654 3596 enirn
691 3517 944 3597 catholicorum
982 3517 1117 3597 rituum
1154 3530 1251 3596 statu
1279 3517 1325 3596 ab

162 3644 353 3750 apostolica
380 3641 470 3722 Sede
484 3642 729 3760 probatorum,
747 3642 1102 3722 animadvertendum
1117 3658 1186 3740 est,
1210 3646 1328 3722 orien-

161 3767 281 3845 talium
315 3765 595 3845 iurisdietionem
638 3770 890 3871 Episcoporum
927 3768 965 3844 in
1003 3767 1168 3846 subditos
1206 3765 1325 3846 deter-

233 4067 266 4136 [lt
288 4067 406 4138 Pirlring
427 4067 478 4123 tte.
500 4073 525 4123 2.
547 4069 594 4124 tlt.
615 4075 641 4122 2.
662 4068 696 4123 dc
714 4068 777 4140 soro
796 4073 974 4138 competente,
997 4083 1027 4123 n.
1050 4073 1093 4124 52.

233 4155 267 4227 li)
287 4158 354 4226 Cap.
374 4155 555 4227 proposuisti
576 4159 617 4222 49,
641 4155 690 4212 cit.
712 4155 762 4212 tit.
781 4161 808 4211 2.

232 4242 264 4313 (3)
284 4245 313 4299 L.
333 4243 361 4298 st
378 4243 446 4315 quic
464 4243 494 4314 ff.
515 4243 549 4299 dc
575 4242 668 4299 tudio.
696 4257 731 4298 ex
750 4257 805 4313 qua
826 4243 896 4300 haee
923 4244 1072 4302 decretalis
1095 4245 1245 4318 desumpta
1263 4253 1324 4309 est:

164 4332 192 4384 L.
213 4331 357 4402 quaedam
376 4331 408 4402 ff.
428 4331 463 4388 dc
480 4330 592 4387 inrisit.

227 4417 266 4488 [ll
287 4421 315 4474 t.
336 4417 390 4474 tobi
408 4418 438 4491 ff.
459 4418 492 4474 de
510 4417 599 4476 tudio.
