3446 5298
663 483 696 492 -
721 449 838 513 401..

160 577 371 656 enunciatas
399 576 598 668 cautiones,
630 601 723 680 quae
760 574 940 679 praemitti
970 599 1113 680 sumper
1131 573 1278 670 debent,
1300 589 1337 654 et

163 725 272 805 snper
289 700 423 805 quibus
443 699 646 805 dispensari
666 699 766 778 nullo
785 698 888 778 modo
907 723 1065 802 unquam
1086 712 1218 804 potest,
1238 699 1338 778 adie-

161 835 240 902 ctae
268 847 410 929 qnoque
439 822 539 902 luere
567 822 805 918 conditiones
837 836 877 901 ut
904 823 992 902 baec
1021 824 1132 902 mixta
1170 823 1335 926 coniugia

162 960 265 1025 extra
294 947 501 1040 Ecclesiam,
533 961 571 1028 et
610 947 746 1052 absque
774 947 920 1052 parochi
953 947 1214 1042 benedictione,
1246 947 1338 1028 ullo-

161 1097 232 1175 que
259 1072 329 1150 alio
357 1073 596 1152 ecclesiastico
625 1075 698 1150 ritu
726 1070 899 1150 celebrari
929 1069 1099 1150 debeant.
1130 1075 1228 1161 Quae
1254 1073 1338 1177 qui-

163 1195 244 1274 dem
273 1195 495 1276 conditiones
524 1221 565 1276 eo
594 1195 817 1301 potissimum
850 1208 1030 1300 spectant,
1053 1197 1151 1274 utin
1185 1197 1337 1276 catholi-

163 1344 285 1400 corum
299 1321 429 1398 animis
442 1345 626 1424 nunquam
644 1318 855 1399 obliteratur
865 1317 1033 1400 memoria
1048 1330 1123 1396 tum
1142 1344 1333 1418 canonum,

162 1447 225 1550 qui
249 1443 456 1524 istiusmodi
484 1446 597 1525 mixta
625 1443 850 1524 matrimonia
879 1442 1123 1538 detestantur,
1145 1456 1222 1523 tum
1250 1471 1336 1524 con-

163 1571 374 1650 stantissimi
403 1567 501 1648 illius
528 1567 655 1664 studii,
686 1594 757 1671 quo
785 1580 909 1647 sancta
929 1569 1043 1646 Mater
1060 1569 1219 1648 Ecclesia
1239 1593 1336 1648 nun-

163 1718 271 1797 quam
299 1692 439 1772 destitit
467 1691 557 1772 lilios
586 1718 669 1772 suos
689 1705 865 1786 avertere,
889 1715 929 1770 ac
945 1690 1125 1772 deterrere
1141 1693 1186 1773 ab
1207 1693 1334 1774 iisdem

163 1815 284 1894 mixtis
320 1815 494 1919 coniugiis
522 1816 560 1892 in
588 1841 711 1895 eorum
746 1829 784 1895 ct
812 1814 955 1894 suturae
992 1817 1101 1921 prolis
1138 1819 1331 1923 pernicicm

167 1939 437 2020 contrahendis

246 2067 322 2142 lam
350 2089 435 2142 vero
462 2061 558 2169 qued
587 2064 717 2143 attinet
745 2062 790 2142 ad
820 2062 1022 2168 praedictas
1049 2063 1271 2146 conditiones
1291 2065 1335 2147 de
1412 2117 1418 2134 ·

170 2189 226 2267 his
246 2212 373 2292 nempe
396 2189 518 2268 mixtis
533 2188 671 2294 nuptiis
690 2200 792 2266 extra
807 2187 1017 2282 Ecclesiam,
1039 2199 1076 2267 ct
1096 2189 1173 2268 sine
1188 2187 1336 2294 parochi

165 2311 430 2406 benedictione,
454 2313 595 2417 alioque
610 2337 711 2390 sacro
739 2311 812 2390 ritu
832 2309 1069 2405 celebrandis,
1101 2336 1181 2390 cum
1210 2311 1334 2390 condi-

166 2436 283 2516 tiones
311 2437 409 2540 ipsae
438 2436 476 2514 in
494 2435 657 2540 plurimis
677 2433 844 2514 similium
863 2433 1171 2539 dispensationum
1192 2435 1336 2515 Rescri-

166 2561 240 2666 ptis
268 2559 362 2638 clare
401 2573 597 2665 aperteque
634 2557 768 2638 luerint
800 2559 1028 2654 enuntiatae,
1064 2559 1101 2638 in
1138 2559 1219 2638 aliis
1251 2585 1335 2638 vero

165 2685 353 2790 permultis
382 2684 581 2789 Rescriptis
610 2682 708 2761 haud
736 2681 904 2788 explicite
932 2705 1138 2787 expressae,
1168 2687 1332 2788 quamvis

164 2806 291 2886 iisdem
310 2806 509 2912 Rescriptis
528 2805 698 2912 implicite
712 2807 998 2902 continerentur,
1020 2805 1151 2886 idcirco
1171 2808 1333 2887 Sanctis-

164 2930 277 3008 simus
305 2931 475 3010 Dominus
503 2933 632 3010 Noster
660 2954 724 3034 pro
751 2955 888 3008 summa
908 2955 950 3008 ac
968 2929 1142 3033 singulari
1161 2957 1226 3010 sua
1246 2957 1337 3037 pru-

166 3052 290 3132 dentia
319 3053 411 3132 hanc
439 3053 682 3132 formularum
698 3053 909 3132 varietatem
928 3052 972 3132 de
996 3053 1112 3133 medio
1141 3053 1336 3134 tollendam

166 3177 402 3274 existimavit,
434 3204 475 3256 ac
503 3178 607 3256 iussit
635 3177 672 3255 in
701 3189 899 3282 posterum,
939 3201 1063 3273 unam,
1103 3177 1336 3283 eamdemque

167 3300 353 3381 formulam
373 3327 450 3380 esse
470 3299 710 3380 adhibendam
730 3299 775 3379 ab
790 3299 955 3379 omnibus
975 3301 1332 3404 congregationibus,

166 3451 231 3531 per
258 3451 348 3530 quas
377 3427 464 3506 baec
493 3425 686 3530 apostolica
710 3424 818 3504 Sedes
838 3424 1123 3530 dispensationes
1142 3450 1250 3531 snper
1270 3427 1337 3506 boc

168 3549 301 3628 mixtae
339 3548 521 3652 religionis
557 3541 815 3653 impedimento
839 3547 1031 3628 concedere
1065 3547 1170 3630 solet.
1207 3553 1336 3654 Itaque

167 3671 276 3752 rebus
305 3669 471 3750 omnibus
498 3685 638 3752 maturo
659 3671 822 3750 examine
841 3672 1042 3776 perpensis,
1068 3685 1336 3776 temporumque

167 3797 307 3878 ratione
336 3796 476 3890 habita,
508 3809 544 3876 et
571 3795 615 3874 iis
642 3793 889 3890 consideratis,
918 3819 1010 3898 quae
1030 3821 1050 3872 a
1070 3795 1236 3899 pluribus
1251 3797 1336 3901 Epi-

165 3920 289 4024 scopis
318 3919 481 4024 exposita
510 3917 623 4013 luere,
654 3931 763 4022 atque
783 3917 819 3996 in
840 3917 1024 3996 consilium
1044 3915 1217 3998 adhibitis
1245 3944 1337 3998 non-

166 4041 275 4120 nnllis
295 4045 332 4120 S.
356 4044 403 4118 R.
426 4045 468 4118 E.
500 4039 761 4134 Cardinalihus,
784 4039 877 4120 idem
893 4041 1146 4120 Sanctissimus
1165 4042 1335 4122 Dominus

166 4167 295 4244 Noster
323 4164 525 4259 constituit,
558 4164 595 4242 in
625 4164 753 4242 harum
773 4162 1080 4269 dispensationum
1108 4166 1334 4244 concessione

165 4285 340 4366 utendam
361 4312 438 4366 esse
459 4285 645 4366 lormulam
663 4287 759 4366 illius
779 4289 972 4393 Rescripti,
995 4315 1067 4394 quo
1090 4290 1231 4368 etiamsi
1250 4313 1335 4368 con-

168 4411 324 4492 ditiones
351 4412 554 4518 praedictae
582 4411 626 4490 de
655 4410 776 4491 mixtis
805 4412 902 4491 hisce
934 4413 1108 4517 coniugiis
1141 4426 1241 4494 extra
1269 4417 1337 4492 Ec-

226 4577 365 4621 urasscca.
379 4575 412 4620 De
425 4572 621 4634 impedimentis.
1256 4577 1284 4622 ιθ
