3424 5300
705 449 740 462 -
768 415 823 478 llo
846 449 881 462 -

211 537 384 632 numeru,
408 583 433 602 ··
453 545 490 616 2.
523 563 609 616 num
637 539 765 618 saltem
793 539 879 618 velit
907 537 1114 618 cohabitare
1134 539 1270 644 absque
1299 564 1383 618 oon-

213 661 359 740 tumelia
388 663 605 741 Creatoris»
637 665 650 764 (
682 661 712 766 ).

291 790 342 864 De
370 786 543 891 peculiari
571 799 690 866 autem
719 811 805 866 oasu
834 785 917 866 dein
938 812 1061 888 agens,
1079 811 1150 890 quo
1169 787 1383 891 dispensan-

210 909 296 988 dum
310 909 359 988 sit
377 934 457 988 uum
473 908 679 988 infidelibus
699 910 819 1014 plures
839 909 1058 990 habentibus
1070 933 1218 1004 uxores,
1241 923 1283 988 ut
1301 924 1384 1016 post

214 1035 482 1113 conversionem
511 1047 547 1114 et
575 1033 808 1140 baptismum,
842 1061 1008 1140 quamer
1028 1035 1099 1113 illis
1125 1035 1329 1130 maluerint,
1353 1039 1383 1114 si

212 1169 248 1236 et
276 1159 354 1262 ipsa
382 1157 497 1236 fidelis
524 1159 601 1252 liat,
632 1159 787 1238 retinere
815 1163 966 1264 possint,
984 1161 1053 1238 nisi
1078 1159 1202 1264 primo
1229 1159 1383 1240 voluerit
1474 1173 1476 1180 “
1588 1145 1595 1154 ’

212 1285 386 1377 converti,
417 1296 550 1378 monet,
583 1297 624 1364 ut
652 1287 736 1364 item
765 1310 836 1362 non
864 1283 1090 1390 dispensetur
1110 1285 1155 1363 ab
1175 1284 1382 1390 interpella·

211 1409 310 1486 tione
335 1407 478 1512 priuroe
505 1408 628 1487 uxoris
656 1409 726 1487 nisi
754 1413 791 1487 in
819 1409 961 1490 oasibus
989 1412 1025 1488 in
1051 1410 1259 1512 gregoriano
1279 1411 1382 1489 Brevi

214 1533 411 1636 expressis3
443 1543 479 1610 et
506 1557 578 1636 quo
605 1532 651 1610 ad
678 1533 729 1628 id,
761 1559 833 1638 quo
861 1535 1081 1639 interpellari
1110 1534 1239 1614 debeat
1267 1536 1382 1640 prima

212 1655 371 1758 legitima
405 1679 508 1751 uror,
544 1657 721 1738 declarat:
756 1660 936 1763 «Sufficit
963 1671 1082 1739 eutem
1110 1672 1151 1740 ot
1182 1661 1385 1768 interpelle-

211 1791 289 1866 tur,
319 1805 404 1858 nom
433 1778 520 1858 velit
547 1781 741 1860 conuerti»
772 1780 846 1888 (ἓ).

293 1914 357 1984 23.
389 1909 464 1984 Iam
494 1929 589 1998 vero,
621 1906 696 1985 sivo
725 1931 833 1984 unam
854 1907 1021 1986 babuerit
1040 1931 1185 1986 uxorem
1205 1909 1260 1986 vir
1283 1907 1329 1988 ad
1344 1909 1386 1988 fi-

217 2027 299 2106 dem
326 2053 534 2123 conversus
564 2031 642 2110 sive
657 2029 779 2134 piures
798 2030 837 2108 in
856 2029 1067 2108 infidelitate
1082 2029 1238 2125 duxerit,
1262 2031 1385 2110 eadem

217 2176 358 2257 semper
385 2165 441 2231 ost
469 2153 560 2232 ratio
593 2153 772 2234 infidelem
805 2155 1058 2260 interpellandi
1091 2157 1275 2258 coniugem
1310 2157 1385 2235 sire

213 2276 312 2354 illam
340 2275 500 2363 unicum,
529 2277 604 2356 sivo
631 2302 676 2356 ox
704 2278 869 2382 pluribus
894 2279 1053 2384 primum
1073 2291 1244 2382 tanquam
1273 2279 1383 2358 solam

211 2401 420 2503 legitimam.
443 2447 466 2462 -
488 2405 523 2480 Si
538 2427 623 2504 ergo
638 2404 675 2482 in
691 2403 757 2482 boo
770 2405 883 2484 altero
898 2430 982 2484 oasu
1002 2404 1144 2508 sufficit,
1161 2416 1201 2482 ot
1215 2403 1385 2510 interpel-

174 2607 183 2620 ,
210 2523 306 2604 letor
319 2528 432 2629 prima
443 2551 531 2604 uxor
546 2552 631 2632 prae
645 2528 786 2622 euterio,
808 2554 901 2632 quae
915 2555 985 2608 non
1001 2543 1086 2608 sunt
1100 2529 1278 2632 legitimae
1293 2555 1384 2607 uxo-

212 2674 285 2743 reo,
309 2663 449 2729 tantum
465 2675 550 2728 oum
564 2650 651 2730 uelit
665 2651 824 2730 ooooerti
832 2710 847 2738 ,
864 2653 1027 2732 suffioere
1042 2655 1150 2732 etiam
1165 2652 1272 2732 debet
1287 2655 1384 2731 eius-

211 2773 306 2852 modi
335 2775 578 2881 interpellatio
607 2777 644 2854 in
672 2777 785 2881 primo
814 2803 899 2856 oasu
920 2777 963 2856 de
983 2777 1089 2856 unioa
1117 2776 1252 2855 infideli
1272 2801 1383 2854 unore

211 2899 268 2976 rel
296 2899 403 2977 unioo
431 2899 565 2978 infideli
593 2901 736 2996 marito,
768 2915 810 2980 ut
842 2901 976 2980 seilicet
1007 2901 1257 3005 interpelletur
1291 2899 1385 2980 dun-

212 3034 315 3100 taxat
343 3048 430 3100 oum
458 3021 545 3101 uelit
572 3023 747 3110 converti,
775 3025 864 3129 quin
891 3024 1003 3102 altera
1031 3023 1079 3100 sit
1107 3024 1308 3101 necessaria
1328 3024 1385 3100 in-

212 3147 421 3248 terrogatio,
453 3147 547 3227 idest
574 3173 660 3228 num
688 3147 812 3226 saltem
832 3146 918 3226 uelit
937 3147 1139 3226 eobubitore
1157 3145 1285 3251 ubsque
1303 3171 1386 3224 ooo-

213 3270 362 3348 tomello
395 3271 587 3351 creatoris.

296 3403 359 3474 at.
392 3403 437 3474 lt
466 3423 564 3492 vero,
589 3397 770 3476 stantibus
790 3399 826 3478 in
847 3423 912 3476 suo
931 3397 1056 3476 robore
1078 3395 1210 3503 Synodi
1230 3396 1386 3475 Sutobu-

216 3523 314 3601 onsis
341 3523 700 3628 praescriptionibus
731 3527 770 3602 in
796 3523 961 3603 omnibus
990 3525 1154 3603 Sinarum
1184 3521 1385 3628 apostolicis

211 3647 455 3726 viennatibus
470 3648 662 3755 regnisque
678 3649 772 3727 Sinis
791 3649 1038 3728 adiacentibus
1062 3646 1258 3727 servandae
1277 3658 1384 3724 erunt

210 3771 252 3848 in
279 3772 382 3875 praxi
411 3772 570 3852 eiusdem
600 3773 732 3880 Synodi
751 3773 1064 3879 praescriptiones
1094 3775 1187 3850 Hine
1215 3797 1293 3849 oum
1321 3795 1386 3874 per

212 3899 251 3973 S.
284 3900 321 3972 C.
354 3895 398 3973 de
427 3897 661 4002 Propaganda
690 3897 759 3976 lide
778 3925 798 3976 a
818 3897 971 4004 quodam
987 3897 1209 3976 llissionario
1229 3897 1388 3975 Vioaria-

212 4033 274 4098 tus
303 4019 489 4123 apostolioi
520 4022 755 4101 Sutohuonsis
775 4024 811 4128 (e
826 4023 970 4102 oivitate
990 4019 1280 4126 Joong-Jobeou)
1304 4045 1388 4124 pro·
1489 4004 1492 4014 ⁸

209 4143 370 4249 positum
399 4141 506 4224 luerit
534 4144 683 4223 dubium
703 4149 739 4222 S.
767 4151 804 4224 C.
838 4151 873 4224 S.
907 4146 975 4224 off.
1010 4149 1138 4224 «Num
1158 4159 1244 4223 sunt
1263 4169 1382 4239 oasuS,

286 4331 325 4400 ll)
345 4333 477 4402 synodus
498 4333 632 4390 Vtoariat.
655 4333 811 4392 Sutobuen.
834 4333 880 4389 ott.
900 4347 963 4403 cup.
985 4339 1011 4389 9.
1032 4349 1063 4388 n.
1083 4340 1110 4389 8.
1129 4347 1200 4404 puy.
1222 4336 1265 4387 rt.

288 4420 326 4494 lt]
346 4421 426 4478 Idem
444 4421 520 4480 toto.
540 4437 612 4494 pop.
634 4429 680 4480 72.
