3446 5298
654 489 687 498 -
712 455 827 516 loo-

157 572 324 652 methodo
353 577 545 657 recedendi
574 579 642 658 sub
658 580 714 658 his
743 595 863 660 tamen
883 577 1026 658 duabus
1045 579 1325 660 conditionibus.

158 699 295 776 Prima:
328 713 369 778 ut
398 727 591 808 numquam
620 704 657 782 in
685 705 898 785 tractatione
937 705 1103 784 similium
1142 717 1330 785 causarum

157 819 300 899 deficiat
328 826 544 905 matrimonii
573 825 752 927 delensor,
785 829 847 934 qui
877 855 919 909 111
949 829 1064 908 officio
1092 830 1324 927 matrimonii,

158 942 302 1048 dequo
330 959 384 1026 est
412 951 591 1054 quaestio,
622 952 700 1031 iura
729 967 765 1032 et
793 951 902 1032 robur
930 979 994 1032 1111
1023 953 1246 1033 validitatem
1274 979 1331 1033 se-

158 1065 313 1147 cuudum
343 1095 519 1152 canonum
548 1091 753 1183 praecepta,
786 1091 945 1157 tueatur.
969 1077 1108 1156 lltera:
1141 1093 1182 1158 ut
1201 1079 1232 1156 si
1252 1089 1331 1156 acta

159 1188 317 1271 iudiciali
346 1195 528 1293 methodo,
561 1214 705 1306 propter
724 1201 850 1280 borum
871 1215 1068 1307 temporum
1089 1201 1327 1296 calamitates,

159 1313 283 1393 confici
323 1330 520 1424 nequeant,
557 1324 889 1404 extraiudioialibus
923 1325 1064 1420 saltem,
1096 1337 1203 1432 atque
1237 1325 1332 1403 omni

161 1437 247 1532 alio,
278 1465 350 1544 quo
379 1442 454 1522 lieri
474 1449 619 1552 poterit,
642 1448 745 1527 modo
764 1449 990 1555 suppleatur,
1009 1450 1058 1528 ita
1079 1464 1120 1530 ut
1139 1475 1332 1554 numquam
1382 1457 1386 1466 '

160 1559 280 1643 desint
305 1566 423 1647 clarae
452 1572 777 1677 concludentesque
806 1571 1034 1680 probationes
1072 1573 1116 1652 ad
1145 1574 1332 1652 illustran-

160 1685 242 1765 dam
270 1691 617 1801 confirmandamque
645 1697 696 1774 rei
724 1698 911 1776 veritatem
930 1695 1073 1776 omnino
1093 1699 1329 1788 necessariae,

161 1813 365 1893 Curandum
394 1819 501 1897 etiam
529 1819 671 1900 omnino
699 1833 753 1900 est
782 1835 817 1900 et
854 1847 1076 1928 summopere
1114 1821 1328 1916 cavendum,

162 1961 207 2014 ne
236 1938 273 2016 in
301 1942 512 2046 proferendo
540 1946 671 2026 iudicio
690 1947 734 2026 de
753 1947 919 2028 nullitate
956 1962 1019 2027 aut
1048 1946 1233 2028 validitate
1262 1949 1329 2028 ali-

161 2065 265 2144 cuius
302 2072 532 2165 matrimonii,
563 2071 608 2150 iis
641 2072 749 2152 iudex
785 2085 910 2152 utatur
947 2075 1116 2153 inanibus
1153 2075 1332 2155 rationum

162 2195 366 2292 momontiS,
398 2195 601 2299 exquibus
631 2199 762 2301 passim
792 2197 978 2277 acatholici
1003 2199 1239 2304 pronuntiant
1258 2225 1334 2276 ma-

164 2317 365 2397 trimoniale
393 2319 575 2398 vinculum
603 2345 706 2426 posse
726 2321 886 2400 dissolvi.
904 2319 1010 2398 Haud
1030 2347 1187 2426 unquam
1218 2323 1252 2400 id
1274 2336 1330 2401 to-

165 2442 271 2522 lerari
302 2457 434 2548 potest,
467 2442 529 2522 sed
548 2443 754 2548 probandae
773 2458 859 2523 sunt
887 2469 1030 2541 causae,
1053 2470 1146 2550 quae
1169 2444 1334 2524 concordi

165 2592 216 2645 ss.
257 2571 402 2646 Patrum
440 2571 637 2665 sententia,
683 2567 937 2666 Conciliorum,
975 2596 1015 2648 ao
1047 2569 1246 2649 Tridentini
1276 2569 1335 2676 (l)

164 2692 376 2796 praesertim
404 2693 650 2772 sanctionibus
680 2705 785 2800 aptae
823 2693 1000 2774 iudicatae
1034 2705 1118 2773 sunt
1148 2694 1192 2773 ad
1221 2719 1336 2773 11111111

166 2817 437 2896 matrimonialis
475 2817 759 2914 dissolutionem,
798 2843 962 2924 quaeque
990 2833 1077 2899 sunt
1104 2819 1159 2898 vel
1189 2817 1338 2924 impedi-

167 2955 325 3020 mentum
347 2941 531 3039 dirimens,
554 2941 651 3048 quod
670 2943 894 3021 matrimonio
909 2941 1157 3047 praecesserit,
1176 2967 1242 3020 nec
1261 2941 1338 3021 dis-

166 3067 378 3171 pensatione
415 3067 573 3170 legitima
605 3066 715 3146 fuerit
753 3067 973 3164 relaxatum,
1008 3066 1063 3145 vel
1097 3065 1333 3164 conditiones,

168 3213 262 3294 quae
290 3192 384 3270 inter
412 3191 615 3270 dirimentia
644 3189 897 3296 impedimenta
925 3191 1102 3270 recenseri
1118 3191 1236 3270 adhuc
1255 3217 1339 3296 pos-

168 3328 269 3410 sunt,
300 3341 465 3420 quaeque
493 3315 530 3394 in
558 3329 702 3421 pactum
731 3341 751 3393 a
780 3313 992 3418 coniugibus
1020 3315 1208 3410 deductae,
1245 3341 1338 3419 quae

168 3441 283 3543 ipsius
298 3439 513 3519 matrimonii
529 3439 752 3519 substantiae
773 3452 1018 3545 opponuntur,
1041 3439 1340 3544 quemadmodum
1419 3429 1427 3446 ’

169 3588 231 3641 111
259 3563 297 3640 in
332 3563 606 3643 calvinistarum
643 3568 857 3669 praesertim
892 3563 1127 3643 matrimoniis
1161 3563 1341 3669 interponi

171 3685 299 3781 solere,
331 3687 474 3792 plurimi
504 3687 697 3782 affirmant,
729 3685 863 3792 quade
884 3686 1081 3790 reegregie
1110 3685 1255 3766 disserit
1274 3689 1342 3766 Be·

170 3811 337 3890 nedictus
369 3815 449 3890 XIV
477 3805 515 3890 in
544 3811 690 3891 laudato
727 3835 832 3916 opere
862 3811 906 3889 de
936 3811 1077 3918 Synodo
1106 3811 1180 3916 (2).
1213 3817 1336 3917 Neque

171 3935 261 4014 satis
297 3948 482 4042 praeterea
520 3949 614 4015 esset
643 3935 750 4014 unius
779 3935 970 4014 dumtaxat
1006 3933 1135 4013 iudicis
1163 3935 1342 4014 sententia

169 4071 286 4139 totum
315 4059 381 4139 hoc
409 4063 590 4164 negotium
620 4059 817 4139 absolvere.
837 4063 890 4137 Ex
913 4073 1106 4138 memorata
1135 4063 1228 4137 enim
1249 4059 1345 4138 eius-

171 4183 252 4262 dem
279 4185 463 4264 Benedicti
492 4189 571 4263 xlv
600 4184 853 4264 constitutione
875 4181 1059 4261 decretum
1080 4196 1149 4276 est,
1171 4195 1251 4287 post
1270 4181 1346 4287 pti-

242 4363 281 4434 (1)
303 4365 481 4422 coeunt.

245 4455 282 4528 11)
301 4455 363 4513 1111.
377 4457 456 4513 ΧΙΙΙ.
472 4457 541 4527 Cap.
557 4461 601 4514 11.
