3424 5300
868 471 1043 534 -128-

453 589 490 658 7.
524 578 753 658 Manifestum
768 595 823 660 est
841 568 952 684 igilur
970 607 1013 662 ex
1035 581 1121 685 ipsis
1140 578 1272 658 decreti
1292 576 1425 672 verbis,
1449 577 1543 657 hanc

368 729 448 783 esse
477 704 636 806 regulam
666 705 870 800 tenendam,
912 705 1071 784 scilicet:
1105 702 1372 782 «Matrimonia
1399 701 1543 780 cleode-

367 827 465 905 stino
493 841 579 906 sunt
608 852 754 931 prorsus
781 829 939 908 inualida
968 830 1006 907 in
1034 828 1198 906 omnibns
1225 828 1325 922 lociS,
1344 827 1382 906 in
1408 827 1542 932 quibus

369 951 516 1030 Concilii
544 950 727 1030 decretum
755 954 822 1032 rite
851 954 1113 1059 promulgatum
1143 951 1234 1047 luit3
1257 951 1366 1056 idque
1383 953 1492 1030 etiam
1511 951 1541 1028 si

368 1074 405 1152 in
434 1077 558 1153 mortis
586 1075 750 1171 articulo,
783 1077 839 1155 vel
853 1101 1078 1182 quacumque
1094 1075 1228 1156 fuerint
1246 1090 1397 1179 urgente
1417 1099 1543 1154 neces-

368 1199 475 1278 sitate
513 1213 696 1282 contracta
725 1201 800 1308 (1).
825 1247 849 1262 -
871 1202 994 1280 Valida
1033 1216 1156 1280 contra
1193 1201 1344 1280 suntin
1372 1201 1472 1295 locis,
1503 1201 1540 1280 in

369 1321 502 1426 quibus
531 1323 664 1404 decreti
702 1327 940 1430 promulgatio
969 1325 1122 1406 deluerit
1150 1327 1224 1403 siue
1258 1323 1437 1430 culpanda
1464 1323 1538 1402 sive

369 1473 441 1525 non
469 1448 646 1553 culpanda
674 1450 920 1528 omissione».
952 1449 1022 1528 Ubi
1050 1449 1144 1528 enim
1180 1448 1249 1528 luit
1276 1447 1538 1554 promulgatum
1584 1453 1588 1464 ’

370 1571 566 1666 decretum,
598 1574 755 1652 Ecclesia
784 1573 868 1652 lacit
889 1575 989 1653 irrita
1009 1574 1232 1652 clandestina
1252 1573 1446 1652 connubia.
1469 1572 1538 1652 Ubi

369 1709 489 1774 autem
517 1721 588 1774 non
616 1695 684 1775 luit
712 1698 975 1803 promulgatum
1002 1695 1120 1776 ualida
1148 1708 1250 1776 erant
1278 1709 1361 1775 ante
1390 1695 1539 1774 Triden-

369 1819 499 1914 tinnm,
531 1820 680 1899 etitem
709 1821 828 1899 valida
866 1833 952 1900 sunt
980 1819 1160 1914 habenda,
1197 1845 1268 1924 quo
1300 1817 1538 1899 1111111αὸ1-

368 1941 516 2030 bontor,
545 1969 670 2048 quum,
694 1944 881 2024 deliciante
900 1945 1200 2049 promulgatione,
1227 1971 1269 2022 ea
1289 1945 1445 2023 Ecclesia
1466 1969 1536 2022 non

368 2068 576 2148 irritaverit.
609 2068 833 2146 Contrarium
861 2081 980 2146 autem
1014 2068 1224 2162 sentientes,
1246 2055 1434 2173 ipsiusmet
1453 2093 1537 2146 san·

370 2193 488 2270 ctione
526 2191 659 2270 decreti
698 2192 925 2270 anathemate
964 2191 1154 2270 feriuntur.
1179 2192 1315 2271 -Hinc
1352 2197 1389 2271 S.
1421 2197 1459 2271 C.
1491 2192 1535 2271 de

368 2317 474 2419 Prop.
506 2317 546 2390 F.
579 2318 616 2392 in
653 2315 889 2394 instructione
917 2313 988 2392 diei
1025 2323 1071 2393 11
1110 2315 1264 2394 ianuarii
1306 2325 1401 2394 1821
1433 2318 1534 2396 iussu

369 2439 421 2514 Pii
450 2441 515 2516 vll
545 2439 752 2518 transmissa
781 2439 826 2516 ad
854 2438 1046 2544 Episcopus
1064 2438 1221 2517 llicarios
1241 2463 1301 2544 ap.
1325 2438 1362 2515 in
1382 2441 1535 2544 Imperio

370 2561 548 2657 Siderum,
579 2562 684 2667 eique
712 2561 959 2641 adiacentibus
986 2563 1105 2665 regnis
1133 2575 1241 2666 atque
1260 2563 1466 2666 provinciis,
1488 2562 1534 2640 ad

369 2685 517 2766 dubinm
547 2693 643 2766 <ln
671 2690 708 2768 in
735 2688 882 2783 Chinae,
915 2688 1121 2766 Cocincinae
1140 2701 1176 2766 et
1195 2687 1371 2766 Tuncbini
1399 2688 1535 2766 utrius-

367 2837 437 2915 que
474 2811 693 2914 regionibus,
725 2811 924 2916 inquibus
960 2811 1196 2890 tridentinum
1233 2811 1277 2890 de
1310 2811 1568 2904 matrimonio,

367 2933 548 3014 decretum
564 2933 721 3016 nondum
741 2934 1002 3039 promulgatum
1018 2949 1087 3028 est,
1105 2934 1233 3039 copula
1247 2933 1427 3039 sponsalia
1447 2934 1536 3012 sub-

366 3083 521 3162 sequens
548 3083 670 3138 uerum
698 3058 961 3138 matrimonium
990 3058 1150 3152 inducat,
1172 3057 1312 3136 etiamsi
1339 3057 1461 3162 sponsi
1477 3057 1535 3135 in-

368 3193 422 3259 ter
450 3182 648 3260 coeundum
678 3206 749 3262 non
785 3182 940 3260 maritali
968 3181 1111 3276 allecto,
1148 3181 1211 3260 sed
1248 3179 1395 3258 libidine
1428 3183 1529 3276 moti,

367 3305 573 3384 existiment
600 3329 637 3384 se
666 3305 704 3382 in
731 3305 893 3384 illicitum
921 3330 962 3383 11
981 3303 1208 3384 fornicarium
1228 3317 1346 3384 actum
1366 3303 1528 3398 irruisse,

367 3427 590 3506 matrimonio
617 3427 712 3506 insto
726 3427 974 3508 constituendo
993 3428 1176 3535 imparem3
1199 3453 1240 3506 ac
1258 3440 1445 3534 propterea
1459 3453 1531 3505 non

367 3549 436 3628 sibi
464 3561 622 3653 ereptam
651 3549 855 3631 facultatem
884 3553 1089 3632 existiment
1117 3550 1252 3629 adalia
1279 3565 1363 3630 vota
1391 3565 1531 3630 transe-

366 3673 468 3769 undi,
500 3700 580 3753 cnm
609 3674 697 3754 baec
728 3675 824 3780 apud
857 3701 918 3754 eas
951 3689 1075 3778 gentes
1107 3677 1291 3780 persuasio
1324 3677 1443 3779 vigeat
1465 3707 1483 3750 t
1504 3719 1528 3736 -·

363 3799 548 3902 respondit
585 3799 797 3878 anctoritate
825 3799 1013 3880 decretalis
1041 3809 1073 3878 is
1101 3799 1165 3905 poi
1191 3801 1350 3904 Gregorii
1373 3805 1420 3880 lli
1451 3803 1465 3907 (
1495 3802 1524 3904 l,

361 4010 494 4066 ctionem:
512 4013 654 4081 «insuper
669 4013 825 4084 parochum
840 4013 887 4070 vel
901 4013 990 4068 atium
1005 4013 1191 4082 sacerdotem,
1206 4015 1255 4086 qni
1268 4029 1335 4072 cum
1351 4015 1464 4072 minore
1475 4021 1529 4071 tes·

361 4115 375 4147 a
395 4099 466 4155 tium
475 4106 631 4156 numeroet
642 4107 726 4157 testes
739 4101 787 4172 qui
800 4099 861 4157 sine
870 4101 994 4172 parocho
1006 4103 1051 4160 vet
1060 4103 1215 4170 sacerdote,
1226 4103 1389 4161 huiusmodi
1402 4111 1528 4160 eontrac·
1589 4087 1600 4104 '¹

366 4205 380 4235 c
401 4186 442 4241 tui
463 4185 656 4256 interfuerint,
677 4201 806 4245 necnon
826 4188 905 4260 ipsos
924 4191 1134 4260 contrahentes,
1160 4192 1287 4262 graviter
1308 4192 1427 4248 arbitrio
1446 4191 1526 4248 Ordi·
1623 4251 1626 4258 ,

361 4294 376 4322 «
395 4275 468 4330 narii
489 4275 584 4344 puniri
606 4275 744 4346 praecipit
763 4297 789 4330 a.

432 4359 472 4432 11)
492 4362 617 4418 Sanchez
639 4363 691 4420 tto.
711 4369 738 4419 5.
759 4363 834 4436 disp.
858 4370 900 4422 17.
920 4381 972 4422 cn.
994 4371 1057 4422 t-c.

434 4449 470 4522 [1)
489 4453 555 4521 Cep.
576 4452 602 4508 is
621 4454 673 4524 qut
690 4457 735 4520 30,
757 4453 791 4510 dc
808 4454 937 4524 rpooaot.
958 4461 983 4510 et
1000 4455 1137 4514 enutriet.
