3424 5300
639 511 676 528 -
700 477 756 542 {ge
777 511 814 526 ..

145 633 337 714 earumque
357 633 588 714 personarum
609 601 920 718 responsioneaad
941 613 1020 680 aeta
1035 599 1179 680 referat.
1203 599 1307 679 Eius-

142 732 301 816 demerit
315 732 471 811 offitium
483 745 608 812 notare
623 731 730 824 diem,
744 731 898 812 mensem
914 737 949 804 ot
965 750 1102 804 aunum
1113 723 1306 804 ouiusttbet

142 857 334 952 examinis3
356 855 478 935 itidem
489 854 746 935 examinandae
757 875 928 958 personae
944 849 1092 953 eiusque
1108 848 1224 953 patris
1240 873 1305 926 no-

144 1005 238 1075 men,
253 1005 460 1083 cognomen,
479 993 647 1075 aetatem,
661 976 914 1070 eonditionem,
933 987 1070 1054 statum
1081 985 1116 1052 et
1130 973 1302 1078 petriam3

1 1147 2 1190 a
142 1103 267 1182 testari
278 1103 419 1182 demum
435 1103 529 1208 quod
548 1103 672 1182 eadem
686 1125 837 1208 persona
852 1087 1237 1180 examinisubiiaieuda
1252 1099 1308 1174 iu-

146 1229 345 1307 ramentum
365 1227 408 1306 de
419 1230 570 1308 veritate
579 1225 729 1306 ditanda
740 1223 972 1331 praestiterit.
989 1221 1301 1326 -uuunueuiqao

1 1395 2 1402 κ
144 1352 311 1469 idonerpm
339 1353 470 1458 seripto
497 1353 631 1458 pariter
650 1351 851 1455 designabit
871 1349 986 1428 sirum
1005 1373 1048 1427 on
1069 1345 1306 1430 eustesiastioo

142 1491 260 1572 emto,
290 1477 322 1554 si
349 1475 429 1582 fieri
452 1477 601 1582 poterit,
630 1473 847 1579 eligendum,
870 1473 959 1552 iuris
983 1473 1131 1552 seientia
1151 1471 1251 1550 iurta
1271 1485 1308 1552 et

143 1605 236 1682 ritae
263 1601 444 1710 probitate
469 1601 671 1708 praeditum
701 1600 774 1703 (1),
805 1598 868 1704 qui
896 1596 1118 1676 matrimonii
1137 1595 1308 1700 &dator

141 1725 422 1832 nuncupabitur,
453 1725 552 1804 bruna
581 1724 751 1804 fatuitate
779 1723 889 1802 alium
917 1721 1031 1800 eidem
1059 1719 1302 1800 substituendi

1 1943 2 1946 a
144 1877 257 1956 aeque
286 1851 466 1930 idoneum.
498 1847 669 1928 Defensor
697 1859 816 1926 autem
844 1871 974 1926 rnnaus
993 1843 1171 1926 eiusmodi
1194 1846 1309 1924 susei-

1 2033 2 2070 }
144 1978 264 2084 piem,
293 1977 533 2054 iuramentum
558 1973 760 2080 praestabit
784 1971 829 2051 ad
859 1985 992 2052 tastum
1025 1997 1074 2050 ss.
1098 1971 1161 2049 Dei
1189 1974 1309 2050 Eran-

147 2101 316 2204 geiiorum
346 2097 498 2178 tuente
525 2099 681 2178 offitium
707 2123 811 2176 suum
849 2095 1024 2192 obeundi,
1060 2095 1224 2200 idemque
1253 2096 1309 2173 iu-

146 2238 345 2304 ramentum
382 2222 581 2328 praestabit
620 2223 913 2328 quotiesoauuque
941 2221 978 2298 iu
1015 2220 1145 2299 iudieio
1182 2219 1307 2299 adesse

142 2347 304 2428 debebit:
337 2345 483 2426 debebit
511 2361 629 2426 autem
658 2345 823 2424 omnibus
851 2343 1079 2424 soutioiendis
1106 2344 1195 2422 aotis
1223 2369 1308 2422 oon

142 2473 297 2552 tinenter
325 2470 507 2565 assistere,
539 2484 580 2550 ut
608 2470 768 2550 aetnsati
793 2468 1012 2548 matrimonii
1027 2467 1249 2550 rabditutam
1269 2480 1305 2546 et

143 2603 217 2682 iura
246 2604 352 2686 iustis
377 2603 553 2684 uindiciis
585 2629 627 2683 ao
654 2618 802 2683 manue
833 2617 907 2682 turn
941 2627 1025 2680 roae
1057 2613 1136 2680 tum
1171 2599 1305 2705 seripto

146 2740 304 2821 tueatur,
337 2727 374 2804 in
402 2752 473 2831 quo
501 2727 722 2832 potissimum
751 2727 911 2811 eiusdem
929 2724 1128 2804 defensoris
1145 2737 1307 2804 versatur

1 2865 2 2892 ¹
119 2851 299 2930 'offitium
329 2851 403 2956 (2).

220 2987 258 3056 5.
290 2979 396 3056 Hisoe
425 2977 475 3055 ita
512 2974 736 3071 mutatis,
768 3001 941 3082 personae
974 2976 1156 3068 intumas,
1197 2999 1309 3079 qnae-

145 3127 296 3207 oumqno
324 3101 405 3179 iliae
433 3101 519 3194 sint,
551 3099 706 3178 examini
738 3126 897 3180 seorsum
926 3113 1031 3182 erunt
1046 3097 1303 3194 subiioiendae‚

146 3226 318 3330 praestito
342 3225 545 3304 iuramento
570 3223 614 3301 ad
643 3237 777 3304 tastum
805 3229 937 3330 pariter
965 3251 1015 3307 sa.
1052 3225 1115 3303 Dei
1144 3227 1308 3326 Evange-

145 3349 269 3427 liorurn
299 3351 487 3428 veritatem
513 3345 672 3443 diuendi;
703 3361 740 3428 et
768 3348 801 3427 si
827 3361 985 3428 aetorum
1017 3347 1217 3428 moderator
1244 3371 1311 3452 op-

149 3489 338 3578 portunum
353 3473 497 3554 durarit
510 3473 648 3552 ratione
662 3473 850 3578 qualitatis
863 3473 1109 3580 impedimenti
1126 3473 1180 3552 vel
1200 3473 1307 3552 etiam

148 3599 408 3693 adiuncturum,
440 3597 613 3676 iurabunt
639 3599 746 3680 etiarn
774 3597 824 3678 de·
847 3611 989 3679 seoreto
1010 3623 1124 3704 usque
1153 3599 1197 3677 ad
1225 3623 1309 3705 pra-

3 3753 5 3840 ‘3
150 3749 268 3803 tessus
296 3723 574 3829 publicationem
602 3723 790 3802 servando.
814 3727 861 3804 ut
878 3749 965 3830 prae
982 3724 1112 3804 ueteris
1130 3724 1189 3804 itte
1208 3724 1308 3831 prius

148 3848 345 3930 audiendus
374 3850 446 3928 erit
469 3851 531 3953 pai
560 3849 823 3928 matrimonium
846 3850 1081 3929 aoeusaaarit.
1103 3849 1170 3928 Hie
1189 3863 1307 3928 autem

5 4059 6 4082 Ν
143 3997 255 4051 eoram
268 3973 383 4052 iudioe
398 3985 433 4050 et
444 3971 659 4051 matrimonii
679 3971 877 4068 defensore,
901 3973 1144 4052 aoouaationis
1158 3973 1304 4052 titulum

5 4093 6 4170 ἶ
146 4093 328 4199 perspicue
357 4105 533 4196 exponat,
569 4091 800 4195 eiusdemque
833 4093 930 4171 tituli
961 4092 1172 4174 enistoutiae
1210 4093 1307 4170 varia

6 4218 11 4229 '
148 4217 394 4324 probationum
424 4243 567 4319 genera,
598 4216 885 4298 uirorunstantias
903 4217 1100 4312 aaronem,
1121 4239 1214 4320 quae
1233 4216 1308 4294 sive

215 4409 248 4482 (1)
269 4412 312 4466 ltu
329 4407 380 4466 eit.
401 4410 495 4466 comt.
515 4408 567 4466 no
583 4406 772 4466 miseratione
790 4407 819 4478 8.
841 4411 867 4462 t.
888 4407 982 4464 relato
996 4406 1026 4464 'm
1044 4406 1206 4479 Apptedt'oe
1224 4412 1260 4464 θ’.

215 4499 252 4572 (2)
276 4498 344 4556 Vide
362 4499 408 4558 eit
429 4501 520 4558 curm.
541 4515 573 4557 a.
593 4505 620 4555 6.
640 4507 667 4557 et
685 4513 762 4571 seqq.
