3406 5302
848 424 1047 486 -220-

359 571 440 646 cum
459 543 721 648 spectantibus
745 542 791 622 ad
806 543 921 648 ipsius
941 569 1046 649 posse
1065 543 1237 623 iudicium
1256 545 1393 622 recurri
1412 575 1430 616 a
1454 541 1527 646 (1).

362 668 529 766 -Neque
558 689 643 740 vero
679 662 759 740 aliis
801 663 1094 742 communicando
1136 663 1419 742 iurisdietionem
1460 662 1532 739 sive

361 783 580 864 ordinariam
609 782 684 860 site
704 783 920 886 delegatam,
944 812 964 863 a
992 810 1031 862 se
1051 784 1194 864 abdicat
1214 809 1330 862 suam.
1353 827 1377 842 -
1393 789 1533 861 Ceteros

361 927 466 982 casus
482 915 518 982 et
533 902 763 1007 exceptiones
782 904 957 983 eiusmodi
976 905 1110 1010 passim
1130 909 1205 981 ott.
1225 917 1437 983 enumerant
1458 897 1529 1005 (l).

367 1048 369 1054 ¹
446 1033 521 1104 11..
539 1023 639 1111 Quod
668 1037 789 1102 autem
818 1026 949 1106 attinet
978 1025 1023 1102 ad
1053 1023 1239 1106 orientales
1269 1023 1442 1102 Ecclesies
1471 1045 1534 1127 pro

362 1143 665 1248 appellationibus
680 1145 863 1248 pradellae
883 1146 1071 1242 iaciendis,
1095 1144 1453 1226 animadvertendum
1465 1157 1532 1236 est,

361 1265 486 1370 plures
514 1264 740 1342 orientolium
770 1266 905 1344 rituum
936 1270 1145 1372 Episcopus,
1177 1268 1231 1346 uti
1260 1266 1533 1357 Maronitarum,

363 1391 546 1492 Syrorum,
578 1385 840 1480 bleichitarum
873 1390 1134 1474 Armeniorum,
1165 1387 1439 1482 Chaldaeorum,
1471 1391 1536 1462 Ar-

363 1507 580 1611 cbiopiscopi
611 1505 717 1584 titulo
747 1507 832 1586 itui.
865 1513 996 1587 Verum
1025 1507 1201 1588 eiusmodi
1231 1508 1375 1605 tituluS,
1408 1507 1535 1585 saltem

363 1625 483 1722 hodie,
516 1639 571 1705 est
598 1626 756 1713 horteris,
786 1653 858 1706 non
885 1643 1003 1707 autem
1020 1627 1294 1715 iurisdictionis,
1316 1628 1366 1706 ita
1396 1641 1436 1705 ut
1464 1649 1537 1706 me-

365 1749 568 1854 tropolitico
596 1750 673 1827 iure
703 1749 740 1826 in
769 1750 858 1828 alios
878 1751 1073 1855 Episcopos
1088 1750 1185 1828 baud
1201 1749 1386 1855 potiantur
1415 1748 1489 1851 (3).
1511 1791 1535 1806 -

366 1869 459 1948 Hinc
488 1883 556 1964 est,
589 1883 630 1948 ut
658 1870 696 1946 in
724 1870 842 1948 causis
862 1871 1184 1950 matrimonialibus
1212 1871 1258 1950 ab
1287 1867 1451 1974 Episcopi
1480 1866 1536 1944 rel

366 1989 634 2094 archiepiscopi
654 1991 834 2069 sententia
856 1992 1059 2095 appellatur
1083 1991 1127 2068 ad
1140 1991 1383 2070 Patriareham
1404 1990 1536 2094 proprii

364 2107 472 2204 ritus,
503 2123 539 2188 ot
568 2136 588 2186 a
616 2110 824 2188 Patriareha
845 2110 887 2187 ad
911 2111 1140 2216 apostolicam
1161 2111 1301 2190 Sedem.
1334 2155 1357 2169 -
1386 2106 1535 2198 Quodsi

299 2305 301 2310 ,
366 2229 573 2306 Patriareha
602 2230 639 2306 in
681 2231 799 2308 causis
828 2231 1150 2310 matrimonialibus
1191 2230 1416 2308 subditorum
1450 2252 1536 2306 suae

366 2347 616 2450 patriarchalis
645 2347 818 2428 dioecesis
837 2351 1052 2429 sententiam
1076 2351 1213 2445 tulerit,
1237 2375 1317 2427 cum
1346 2361 1474 2451 agatur
1493 2347 1536 2425 de

367 2470 548 2548 sententia
566 2469 640 2548 lata
661 2470 697 2547 in
712 2471 826 2576 prima
842 2473 1032 2567 instantia,
1054 2486 1090 2550 et
1107 2473 1314 2550 Patriareha
1335 2471 1444 2550 aliurn
1465 2493 1536 2548 non

418 2764 458 2841 (1)
478 2769 586 2826 concil.
608 2781 720 2826 oerum.
742 2771 875 2842 Lugdun.
897 2775 932 2827 11.

420 2858 460 2929 (l)
479 2857 549 2914 Vide
587 2857 706 2929 Pirlting
733 2859 784 2916 lib.
813 2865 839 2916 2.
867 2860 915 2918 tit.
942 2865 986 2918 28.
1017 2875 1047 2916 rt.
1080 2859 1205 2918 le-vel
1238 2859 1331 2930 potius
1363 2858 1536 2915 Leurenium

369 2946 420 3004 lib.
441 2952 467 3004 2.
489 2947 535 3004 tit.
556 2953 599 3004 28.
621 2955 734 3020 querat.
751 2953 829 3016 1165,
849 2951 900 3006 111
919 2949 1058 3008 undecim
1076 2959 1226 3007 enumerat
1245 2963 1339 3006 casus.

418 3033 458 3106 (3)
477 3035 610 3106 synodus
630 3039 809 3106 Libanensis,
821 3043 978 3096 assemano
999 3038 1140 3110 praeside,
1155 3053 1202 3094 an.
1217 3039 1285 3095 1736
1305 3035 1457 3102 celebrato,
1473 3037 1537 3092 lose

370 3131 399 3180 et
420 3125 533 3182 erudite
552 3127 691 3196 expositis
712 3127 920 3198 praerogativis
940 3135 967 3182 et
987 3127 1109 3192 iuribus,
1136 3143 1210 3198 quae
1242 3125 1276 3183 ad
1296 3127 1464 3197 Episcopus,
1487 3129 1539 3182 ile·

373 3215 532 3288 tropolitas.
552 3217 692 3274 Primores
712 3225 739 3274 et
760 3218 939 3274 Patriarebas
959 3217 1122 3282 orientales,
1141 3217 1333 3273 antiochenos
1354 3216 1534 3286 praesertim.

366 3305 541 3374 spectabant,
562 3301 722 3375 eorumque
741 3305 996 3362 vicissitudinibus
1015 3306 1156 3361 enarratis
1176 3305 1396 3376 (persaepe),
1414 3305 1449 3359 ita
1471 3318 1535 3374 pro·

368 3391 500 3461 sequitur
520 3394 569 3460 (n.
593 3397 635 3448 le.
654 3405 747 3464 pepp.
767 3397 890 3448 zet-223
912 3393 981 3448 edit.
1003 3395 1109 3448 Romae
1131 3395 1222 3464 litet
1245 3393 1362 3456 «Quum
1382 3391 1537 3447 det-'astatis

368 3501 382 3530 a
399 3495 449 3552 per
469 3481 599 3537 infideles
618 3481 782 3538 antiocneni
803 3481 898 3537 tirreni
920 3481 1111 3548 dioecesibus,
1132 3495 1190 3537 non
1206 3481 1332 3550 amplius
1347 3487 1477 3537 servetur
1489 3496 1538 3537 an·

368 3591 382 3619 α
399 3569 476 3640 tiqua
499 3570 715 3640 provinciarum
729 3569 845 3636 divisio,
860 3585 913 3625 nec
927 3571 1073 3640 supersint
1085 3569 1306 3640 Metropolitum,
1322 3569 1374 3639 qui
1390 3569 1533 3626 subiectas

369 3680 383 3706 «
398 3659 603 3730 Episcoporum
625 3657 799 3730 provincias,
822 3664 851 3714 ut
871 3672 959 3730 supra
979 3658 1152 3724 dictumest,
1165 3666 1265 3730 regant
1284 3668 1310 3712 et
1325 3655 1537 3723 administrent;

369 3769 383 3797 a
398 3746 446 3803 sed
476 3745 554 3802 sotus
574 3745 835 3802 reverendisstmtts
855 3746 997 3803 dominus
1016 3747 1180 3802 Patriareha
1200 3745 1336 3801 omnibus
1356 3745 1400 3800 sui
1421 3745 1538 3814 patriar·

368 3859 382 3887 «
398 3838 498 3894 ciratus
517 3843 545 3892 et
563 3835 690 3892 nationis
705 3835 892 3906 metropolitis
911 3843 938 3890 et
957 3835 1105 3905 Episcopis
1122 3835 1236 3904 praesit,
1251 3835 1281 3890 in
1297 3849 1404 3904 cosque
1417 3835 1539 3905 patriar-

368 3924 520 3990 «chicam,
546 3923 739 3994 primatialem
759 3931 786 3979 et
813 3923 1050 3994 metropoliticam
1072 3917 1301 3980 iurisdietionem
1322 3929 1463 3988 exerceat,
1485 3923 1538 3978 111-

367 4013 575 4084 ‹tropoiitanis
596 4019 691 4068 autem
711 4011 751 4067 nil
766 4011 845 4068 aliud
865 4026 954 4081 supra
975 4011 1128 4082 episcopos
1148 4011 1400 4077 concedatur,nisi
1416 4009 1541 4066 bonoria

367 4101 546 4159 «titularet
565 4100 599 4156 in
618 4098 796 4157 concomites
811 4097 932 4170 primes
953 4097 1040 4162 lente
1063 4098 1170 4154 idcirco
1191 4098 1373 4155 decernimus
1392 4104 1420 4153 et
1439 4093 1537 4153 statui-

366 4203 469 4256 «mus,
490 4195 523 4246 ut
542 4201 741 4258 quaecumque
761 4185 796 4243 de
816 4185 1039 4256 metropolitanis
1059 4199 1145 4256 supra
1165 4186 1286 4257 allegata
1315 4191 1394 4251 sunt,
1416 4191 1443 4241 et
1462 4184 1537 4240 inira

366 4277 637 4348 «producenturad
651 4277 745 4332 solum
760 4274 1038 4331 reverendissimum
1052 4273 1201 4328 dominum
1216 4271 1411 4330 Patriareham
1427 4273 1540 4328 restric-

366 4387 380 4416 «
392 4373 434 4423 111
456 4367 523 4432 sint,
539 4366 630 4423 donoc
648 4365 779 4422 restituta
799 4364 909 4420 Orienti
929 4377 1009 4432 pace,
1030 4362 1116 4418 Sedes
1137 4361 1313 4433 primatiales
1332 4369 1360 4420 et
1373 4361 1540 4432 metropoli-

365 4477 380 4506 «
399 4455 471 4512 ticae
491 4455 521 4510 in
538 4467 625 4512 suum
646 4454 801 4525 pristinum
816 4451 1009 4524 splendorem.
1025 4453 1081 4506 lieo
1097 4449 1220 4516 latente,
1242 4451 1429 4508 restituantur
1440 4470 1465 4504 a.
