<?xml version="1.0" encoding="UTF-8"?>
<!DOCTYPE html PUBLIC "-//W3C//DTD XHTML 1.0 Transitional//EN"
    "http://www.w3.org/TR/xhtml1/DTD/xhtml1-transitional.dtd">
<html xmlns="http://www.w3.org/1999/xhtml" xml:lang="en" lang="en">
 <head>
  <title>
</title>
<meta http-equiv="Content-Type" content="text/html;charset=utf-8" />
  <meta name='ocr-system' content='tesseract 3.04.00' />
  <meta name='ocr-capabilities' content='ocr_page ocr_carea ocr_par ocr_line ocrx_word'/>
</head>
<body>
  <div class='ocr_page' id='page_1' title='image "./deimpedimentism00mansgoog_0434.png"; bbox 0 0 3446 5298; ppageno 0'>
   <div class='ocr_carea' id='block_1_1' title="bbox 682 443 858 504">
    <p class='ocr_par' dir='ltr' id='par_1_1' title="bbox 682 443 858 504">
     <span class='ocr_line' id='line_1_1' title="bbox 682 443 858 504; baseline 0 0"><span class='ocrx_word' id='word_1_1' title='bbox 682 443 858 504; x_wconf 77' lang='lat' dir='ltr'>-tlt-</span> 
     </span>
    </p>
   </div>
   <div class='ocr_carea' id='block_1_2' title="bbox 182 565 1358 4388">
    <p class='ocr_par' dir='ltr' id='par_1_2' title="bbox 183 565 1358 2041">
     <span class='ocr_line' id='line_1_2' title="bbox 187 565 1356 672; baseline 0.003 -27"><span class='ocrx_word' id='word_1_2' title='bbox 187 568 352 646; x_wconf 89' lang='lat' dir='ltr'>trimonia</span> <span class='ocrx_word' id='word_1_3' title='bbox 381 581 458 646; x_wconf 89' lang='lat' dir='ltr'>rata</span> <span class='ocrx_word' id='word_1_4' title='bbox 487 580 523 646; x_wconf 91' lang='lat' dir='ltr'>et</span> <span class='ocrx_word' id='word_1_5' title='bbox 551 565 651 644; x_wconf 84' lang='lat' dir='ltr'>firma</span> <span class='ocrx_word' id='word_1_6' title='bbox 679 567 873 646; x_wconf 79' lang='lat' dir='ltr'>consistere</span> <span class='ocrx_word' id='word_1_7' title='bbox 903 565 946 644; x_wconf 95' lang='lat' dir='ltr'>iis</span> <span class='ocrx_word' id='word_1_8' title='bbox 974 567 1011 643; x_wconf 90' lang='lat' dir='ltr'>in</span> <span class='ocrx_word' id='word_1_9' title='bbox 1040 566 1139 662; x_wconf 78' lang='lat' dir='ltr'>lociS,</span> <span class='ocrx_word' id='word_1_10' title='bbox 1167 567 1204 643; x_wconf 93' lang='lat' dir='ltr'>in</span> <span class='ocrx_word' id='word_1_11' title='bbox 1223 568 1356 672; x_wconf 90' lang='lat' dir='ltr'>quibus</span> 
     </span>
     <span class='ocr_line' id='line_1_3' title="bbox 185 692 1356 798; baseline -0.003 -25"><span class='ocrx_word' id='word_1_12' title='bbox 185 695 328 773; x_wconf 87' lang='lat' dir='ltr'>Concilii</span> <span class='ocrx_word' id='word_1_13' title='bbox 357 693 545 773; x_wconf 81' lang='lat' dir='ltr'>tridentini</span> <span class='ocrx_word' id='word_1_14' title='bbox 574 692 755 771; x_wconf 92' lang='lat' dir='ltr'>decretum</span> <span class='ocrx_word' id='word_1_15' title='bbox 785 693 860 797; x_wconf 86' lang='lat' dir='ltr'>(l),</span> <span class='ocrx_word' id='word_1_16' title='bbox 884 693 940 770; x_wconf 89' lang='lat' dir='ltr'>vel</span> <span class='ocrx_word' id='word_1_17' title='bbox 970 717 1164 798; x_wconf 88' lang='lat' dir='ltr'>numquam</span> <span class='ocrx_word' id='word_1_18' title='bbox 1194 693 1356 798; x_wconf 90' lang='lat' dir='ltr'>publica-</span> 
     </span>
     <span class='ocr_line' id='line_1_4' title="bbox 185 815 1358 921; baseline -0.002 -23"><span class='ocrx_word' id='word_1_19' title='bbox 185 832 261 898; x_wconf 92' lang='lat' dir='ltr'>tum</span> <span class='ocrx_word' id='word_1_20' title='bbox 291 819 371 913; x_wconf 89' lang='lat' dir='ltr'>luit,</span> <span class='ocrx_word' id='word_1_21' title='bbox 404 818 460 896; x_wconf 90' lang='lat' dir='ltr'>vel</span> <span class='ocrx_word' id='word_1_22' title='bbox 491 841 684 921; x_wconf 89' lang='lat' dir='ltr'>numquam</span> <span class='ocrx_word' id='word_1_23' title='bbox 714 815 956 910; x_wconf 86' lang='lat' dir='ltr'>observatum,</span> <span class='ocrx_word' id='word_1_24' title='bbox 990 829 1170 921; x_wconf 89' lang='lat' dir='ltr'>tamquam</span> <span class='ocrx_word' id='word_1_25' title='bbox 1199 816 1358 896; x_wconf 93' lang='lat' dir='ltr'>eiusdem</span> 
     </span>
     <span class='ocr_line' id='line_1_5' title="bbox 183 939 1354 1045; baseline -0.002 -25"><span class='ocrx_word' id='word_1_26' title='bbox 183 943 329 1021; x_wconf 84' lang='lat' dir='ltr'>Concilii</span> <span class='ocrx_word' id='word_1_27' title='bbox 358 941 554 1036; x_wconf 87' lang='lat' dir='ltr'>decretum,</span> <span class='ocrx_word' id='word_1_28' title='bbox 595 942 650 1018; x_wconf 90' lang='lat' dir='ltr'>vel</span> <span class='ocrx_word' id='word_1_29' title='bbox 685 941 715 1018; x_wconf 92' lang='lat' dir='ltr'>si</span> <span class='ocrx_word' id='word_1_30' title='bbox 758 939 973 1045; x_wconf 82' lang='lat' dir='ltr'>quandoque</span> <span class='ocrx_word' id='word_1_31' title='bbox 1007 939 1234 1019; x_wconf 89' lang='lat' dir='ltr'>observatum</span> <span class='ocrx_word' id='word_1_32' title='bbox 1272 939 1354 1036; x_wconf 88' lang='lat' dir='ltr'>luit,</span> 
     </span>
     <span class='ocr_line' id='line_1_6' title="bbox 187 1061 1355 1170; baseline -0.001 -26"><span class='ocrx_word' id='word_1_33' title='bbox 187 1067 292 1168; x_wconf 81' lang='lat' dir='ltr'>longo</span> <span class='ocrx_word' id='word_1_34' title='bbox 330 1065 414 1144; x_wconf 92' lang='lat' dir='ltr'>dein</span> <span class='ocrx_word' id='word_1_35' title='bbox 448 1065 617 1170; x_wconf 91' lang='lat' dir='ltr'>temporis</span> <span class='ocrx_word' id='word_1_36' title='bbox 653 1064 842 1142; x_wconf 90' lang='lat' dir='ltr'>intervallo</span> <span class='ocrx_word' id='word_1_37' title='bbox 875 1064 911 1140; x_wconf 92' lang='lat' dir='ltr'>in</span> <span class='ocrx_word' id='word_1_38' title='bbox 943 1061 1215 1141; x_wconf 84' lang='lat' dir='ltr'>desuetudinem</span> <span class='ocrx_word' id='word_1_39' title='bbox 1253 1063 1355 1142; x_wconf 92' lang='lat' dir='ltr'>abiit.</span> 
     </span>
     <span class='ocr_line' id='line_1_7' title="bbox 184 1185 1356 1292; baseline -0.004 -24"><span class='ocrx_word' id='word_1_40' title='bbox 184 1191 277 1268; x_wconf 90' lang='lat' dir='ltr'>Hinc</span> <span class='ocrx_word' id='word_1_41' title='bbox 305 1189 436 1267; x_wconf 84' lang='lat' dir='ltr'>lactum</span> <span class='ocrx_word' id='word_1_42' title='bbox 465 1201 533 1282; x_wconf 89' lang='lat' dir='ltr'>est,</span> <span class='ocrx_word' id='word_1_43' title='bbox 565 1201 607 1266; x_wconf 94' lang='lat' dir='ltr'>ut</span> <span class='ocrx_word' id='word_1_44' title='bbox 634 1187 816 1292; x_wconf 91' lang='lat' dir='ltr'>praedicta</span> <span class='ocrx_word' id='word_1_45' title='bbox 845 1187 978 1291; x_wconf 89' lang='lat' dir='ltr'>opinio,</span> <span class='ocrx_word' id='word_1_46' title='bbox 1009 1211 1101 1290; x_wconf 93' lang='lat' dir='ltr'>quae</span> <span class='ocrx_word' id='word_1_47' title='bbox 1130 1185 1356 1264; x_wconf 89' lang='lat' dir='ltr'>matrimonia</span> 
     </span>
     <span class='ocr_line' id='line_1_8' title="bbox 184 1310 1355 1413; baseline -0.003 -21"><span class='ocrx_word' id='word_1_48' title='bbox 184 1318 279 1394; x_wconf 92' lang='lat' dir='ltr'>inter</span> <span class='ocrx_word' id='word_1_49' title='bbox 308 1314 506 1394; x_wconf 87' lang='lat' dir='ltr'>haereticos</span> <span class='ocrx_word' id='word_1_50' title='bbox 534 1325 717 1392; x_wconf 87' lang='lat' dir='ltr'>contracta</span> <span class='ocrx_word' id='word_1_51' title='bbox 746 1337 861 1390; x_wconf 89' lang='lat' dir='ltr'>coram</span> <span class='ocrx_word' id='word_1_52' title='bbox 883 1311 1045 1388; x_wconf 89' lang='lat' dir='ltr'>ministro</span> <span class='ocrx_word' id='word_1_53' title='bbox 1070 1310 1265 1389; x_wconf 89' lang='lat' dir='ltr'>acatholico</span> <span class='ocrx_word' id='word_1_54' title='bbox 1295 1335 1355 1413; x_wconf 76' lang='lat' dir='ltr'>ge-</span> 
     </span>
     <span class='ocr_line' id='line_1_9' title="bbox 186 1431 1356 1539; baseline -0.004 -25"><span class='ocrx_word' id='word_1_55' title='bbox 186 1439 339 1515; x_wconf 87' lang='lat' dir='ltr'>neratim</span> <span class='ocrx_word' id='word_1_56' title='bbox 367 1435 463 1513; x_wconf 90' lang='lat' dir='ltr'>nulla</span> <span class='ocrx_word' id='word_1_57' title='bbox 495 1449 531 1514; x_wconf 91' lang='lat' dir='ltr'>et</span> <span class='ocrx_word' id='word_1_58' title='bbox 559 1436 660 1513; x_wconf 89' lang='lat' dir='ltr'>irrita</span> <span class='ocrx_word' id='word_1_59' title='bbox 689 1459 766 1513; x_wconf 93' lang='lat' dir='ltr'>esse</span> <span class='ocrx_word' id='word_1_60' title='bbox 785 1445 1001 1539; x_wconf 82' lang='lat' dir='ltr'>propugnat,</span> <span class='ocrx_word' id='word_1_61' title='bbox 1021 1431 1244 1510; x_wconf 87' lang='lat' dir='ltr'>adversarios</span> <span class='ocrx_word' id='word_1_62' title='bbox 1263 1457 1356 1510; x_wconf 90' lang='lat' dir='ltr'>sem-</span> 
     </span>
     <span class='ocr_line' id='line_1_10' title="bbox 184 1556 1356 1668; baseline -0.007 -27"><span class='ocrx_word' id='word_1_63' title='bbox 184 1588 248 1668; x_wconf 91' lang='lat' dir='ltr'>per</span> <span class='ocrx_word' id='word_1_64' title='bbox 278 1561 445 1640; x_wconf 89' lang='lat' dir='ltr'>habuerit</span> <span class='ocrx_word' id='word_1_65' title='bbox 473 1574 509 1638; x_wconf 92' lang='lat' dir='ltr'>et</span> <span class='ocrx_word' id='word_1_66' title='bbox 538 1584 685 1638; x_wconf 90' lang='lat' dir='ltr'>numero</span> <span class='ocrx_word' id='word_1_67' title='bbox 712 1559 848 1665; x_wconf 87' lang='lat' dir='ltr'>pluras,</span> <span class='ocrx_word' id='word_1_68' title='bbox 872 1573 909 1636; x_wconf 93' lang='lat' dir='ltr'>et</span> <span class='ocrx_word' id='word_1_69' title='bbox 927 1556 1140 1636; x_wconf 85' lang='lat' dir='ltr'>auctoritate</span> <span class='ocrx_word' id='word_1_70' title='bbox 1168 1570 1356 1660; x_wconf 88' lang='lat' dir='ltr'>praestan-</span> 
     </span>
     <span class='ocr_line' id='line_1_11' title="bbox 185 1679 1355 1788; baseline -0.006 -23"><span class='ocrx_word' id='word_1_71' title='bbox 185 1687 360 1780; x_wconf 91' lang='lat' dir='ltr'>tissimos,</span> <span class='ocrx_word' id='word_1_72' title='bbox 400 1685 491 1764; x_wconf 91' lang='lat' dir='ltr'>adeo</span> <span class='ocrx_word' id='word_1_73' title='bbox 518 1699 560 1764; x_wconf 91' lang='lat' dir='ltr'>ut</span> <span class='ocrx_word' id='word_1_74' title='bbox 587 1685 646 1762; x_wconf 84' lang='lat' dir='ltr'>vix</span> <span class='ocrx_word' id='word_1_75' title='bbox 679 1683 833 1788; x_wconf 86' lang='lat' dir='ltr'>aliquem</span> <span class='ocrx_word' id='word_1_76' title='bbox 868 1681 1058 1762; x_wconf 87' lang='lat' dir='ltr'>retinuerit</span> <span class='ocrx_word' id='word_1_77' title='bbox 1090 1679 1355 1786; x_wconf 82' lang='lat' dir='ltr'>probabilitatis</span> 
     </span>
     <span class='ocr_line' id='line_1_12' title="bbox 187 1806 1351 1914; baseline -0.003 -26"><span class='ocrx_word' id='word_1_78' title='bbox 187 1809 351 1913; x_wconf 85' lang='lat' dir='ltr'>gradum,</span> <span class='ocrx_word' id='word_1_79' title='bbox 383 1809 535 1886; x_wconf 81' lang='lat' dir='ltr'>manime</span> <span class='ocrx_word' id='word_1_80' title='bbox 564 1821 644 1914; x_wconf 92' lang='lat' dir='ltr'>post</span> <span class='ocrx_word' id='word_1_81' title='bbox 672 1808 803 1887; x_wconf 92' lang='lat' dir='ltr'>editam</span> <span class='ocrx_word' id='word_1_82' title='bbox 823 1833 844 1884; x_wconf 84' lang='lat' dir='ltr'>a</span> <span class='ocrx_word' id='word_1_83' title='bbox 863 1806 1055 1885; x_wconf 82' lang='lat' dir='ltr'>Benedicta</span> <span class='ocrx_word' id='word_1_84' title='bbox 1073 1809 1154 1883; x_wconf 88' lang='lat' dir='ltr'>XIV</span> <span class='ocrx_word' id='word_1_85' title='bbox 1172 1831 1232 1883; x_wconf 90' lang='lat' dir='ltr'>an.</span> <span class='ocrx_word' id='word_1_86' title='bbox 1255 1814 1351 1884; x_wconf 75' lang='lat' dir='ltr'>llll</span> 
     </span>
     <span class='ocr_line' id='line_1_13' title="bbox 186 1929 1353 2041; baseline -0.003 -29"><span class='ocrx_word' id='word_1_87' title='bbox 186 1931 258 2041; x_wconf 89' lang='lat' dir='ltr'>pro&#39;</span> <span class='ocrx_word' id='word_1_88' title='bbox 279 1933 526 2012; x_wconf 89' lang='lat' dir='ltr'>matrimoniis·</span> <span class='ocrx_word' id='word_1_89' title='bbox 543 1932 756 2011; x_wconf 85' lang='lat' dir='ltr'>Hellandiae</span> <span class='ocrx_word' id='word_1_90' title='bbox 775 1929 1039 2010; x_wconf 78' lang='lat' dir='ltr'>celeberrimam</span> <span class='ocrx_word' id='word_1_91' title='bbox 1063 1929 1353 2009; x_wconf 89' lang='lat' dir='ltr'>declarationem.</span> 
     </span>
    </p>

    <p class='ocr_par' dir='ltr' id='par_1_3' title="bbox 182 2051 1358 4388">
     <span class='ocr_line' id='line_1_14' title="bbox 265 2051 1358 2158; baseline -0.004 -23"><span class='ocrx_word' id='word_1_92' title='bbox 265 2061 355 2136; x_wconf 83' lang='lat' dir='ltr'>Cave</span> <span class='ocrx_word' id='word_1_93' title='bbox 384 2057 507 2158; x_wconf 81' lang='lat' dir='ltr'>igitur,</span> <span class='ocrx_word' id='word_1_94' title='bbox 530 2055 745 2134; x_wconf 90' lang='lat' dir='ltr'>venerabilis</span> <span class='ocrx_word' id='word_1_95' title='bbox 762 2059 900 2148; x_wconf 87' lang='lat' dir='ltr'>Frater,</span> <span class='ocrx_word' id='word_1_96' title='bbox 920 2067 1051 2158; x_wconf 92' lang='lat' dir='ltr'>tuoque</span> <span class='ocrx_word' id='word_1_97' title='bbox 1070 2051 1244 2157; x_wconf 81' lang='lat' dir='ltr'>exemplo,</span> <span class='ocrx_word' id='word_1_98' title='bbox 1268 2052 1358 2132; x_wconf 88' lang='lat' dir='ltr'>tuis-</span> 
     </span>
     <span class='ocr_line' id='line_1_15' title="bbox 184 2177 1356 2286; baseline -0.003 -26"><span class='ocrx_word' id='word_1_99' title='bbox 184 2205 255 2286; x_wconf 93' lang='lat' dir='ltr'>que</span> <span class='ocrx_word' id='word_1_100' title='bbox 285 2180 430 2260; x_wconf 93' lang='lat' dir='ltr'>monitis</span> <span class='ocrx_word' id='word_1_101' title='bbox 467 2179 575 2259; x_wconf 91' lang='lat' dir='ltr'>edoce</span> <span class='ocrx_word' id='word_1_102' title='bbox 612 2181 804 2285; x_wconf 87' lang='lat' dir='ltr'>Episcopcs</span> <span class='ocrx_word' id='word_1_103' title='bbox 842 2178 1084 2280; x_wconf 81' lang='lat' dir='ltr'>suffraganeos</span> <span class='ocrx_word' id='word_1_104' title='bbox 1116 2190 1211 2270; x_wconf 90' lang='lat' dir='ltr'>tuos,</span> <span class='ocrx_word' id='word_1_105' title='bbox 1247 2202 1291 2254; x_wconf 94' lang='lat' dir='ltr'>ne</span> <span class='ocrx_word' id='word_1_106' title='bbox 1320 2177 1356 2256; x_wconf 94' lang='lat' dir='ltr'>in</span> 
     </span>
     <span class='ocr_line' id='line_1_16' title="bbox 184 2299 1358 2411; baseline -0.005 -28"><span class='ocrx_word' id='word_1_107' title='bbox 184 2303 377 2411; x_wconf 88' lang='lat' dir='ltr'>praedictis</span> <span class='ocrx_word' id='word_1_108' title='bbox 405 2304 728 2382; x_wconf 88' lang='lat' dir='ltr'>matrimonialibus</span> <span class='ocrx_word' id='word_1_109' title='bbox 756 2303 873 2382; x_wconf 91' lang='lat' dir='ltr'>causis</span> <span class='ocrx_word' id='word_1_110' title='bbox 901 2300 1145 2406; x_wconf 82' lang='lat' dir='ltr'>expendendis</span> <span class='ocrx_word' id='word_1_111' title='bbox 1164 2325 1205 2379; x_wconf 91' lang='lat' dir='ltr'>ac</span> <span class='ocrx_word' id='word_1_112' title='bbox 1224 2299 1358 2379; x_wconf 83' lang='lat' dir='ltr'>diiudi-</span> 
     </span>
     <span class='ocr_line' id='line_1_17' title="bbox 184 2423 1356 2532; baseline -0.003 -26"><span class='ocrx_word' id='word_1_113' title='bbox 184 2427 323 2522; x_wconf 91' lang='lat' dir='ltr'>candis,</span> <span class='ocrx_word' id='word_1_114' title='bbox 354 2427 476 2532; x_wconf 86' lang='lat' dir='ltr'>pravis</span> <span class='ocrx_word' id='word_1_115' title='bbox 504 2427 602 2506; x_wconf 91' lang='lat' dir='ltr'>hisce</span> <span class='ocrx_word' id='word_1_116' title='bbox 636 2427 821 2521; x_wconf 73' lang='lat' dir='ltr'>doctrinm,</span> <span class='ocrx_word' id='word_1_117' title='bbox 862 2425 1120 2529; x_wconf 84' lang='lat' dir='ltr'>fallacibusque</span> <span class='ocrx_word' id='word_1_118' title='bbox 1156 2423 1356 2502; x_wconf 90' lang='lat' dir='ltr'>rationibus</span> 
     </span>
     <span class='ocr_line' id='line_1_18' title="bbox 188 2547 1357 2655; baseline -0.003 -27"><span class='ocrx_word' id='word_1_119' title='bbox 188 2549 434 2655; x_wconf 90' lang='lat' dir='ltr'>decipiantur,</span> <span class='ocrx_word' id='word_1_120' title='bbox 465 2551 528 2628; x_wconf 92' lang='lat' dir='ltr'>sed</span> <span class='ocrx_word' id='word_1_121' title='bbox 558 2550 702 2629; x_wconf 88' lang='lat' dir='ltr'>Concilii</span> <span class='ocrx_word' id='word_1_122' title='bbox 740 2549 927 2628; x_wconf 89' lang='lat' dir='ltr'>tridentini</span> <span class='ocrx_word' id='word_1_123' title='bbox 965 2573 1119 2627; x_wconf 91' lang='lat' dir='ltr'>canones</span> <span class='ocrx_word' id='word_1_124' title='bbox 1146 2561 1182 2627; x_wconf 90' lang='lat' dir='ltr'>et</span> <span class='ocrx_word' id='word_1_125' title='bbox 1214 2547 1357 2626; x_wconf 89' lang='lat' dir='ltr'>decreta</span> 
     </span>
     <span class='ocr_line' id='line_1_19' title="bbox 184 2671 1357 2778; baseline -0.001 -28"><span class='ocrx_word' id='word_1_126' title='bbox 184 2673 400 2752; x_wconf 86' lang='lat' dir='ltr'>adamussim</span> <span class='ocrx_word' id='word_1_127' title='bbox 428 2673 619 2754; x_wconf 89' lang='lat' dir='ltr'>observent</span> <span class='ocrx_word' id='word_1_128' title='bbox 647 2689 684 2753; x_wconf 92' lang='lat' dir='ltr'>et</span> <span class='ocrx_word' id='word_1_129' title='bbox 712 2687 924 2778; x_wconf 90' lang='lat' dir='ltr'>sequantur.</span> <span class='ocrx_word' id='word_1_130' title='bbox 956 2677 998 2752; x_wconf 92' lang='lat' dir='ltr'>ln</span> <span class='ocrx_word' id='word_1_131' title='bbox 1036 2672 1103 2752; x_wconf 91' lang='lat' dir='ltr'>hoc</span> <span class='ocrx_word' id='word_1_132' title='bbox 1139 2673 1234 2750; x_wconf 92' lang='lat' dir='ltr'>enim</span> <span class='ocrx_word' id='word_1_133' title='bbox 1261 2671 1357 2750; x_wconf 94' lang='lat' dir='ltr'>iudi-</span> 
     </span>
     <span class='ocr_line' id='line_1_20' title="bbox 184 2794 1356 2901; baseline -0.002 -25"><span class='ocrx_word' id='word_1_134' title='bbox 184 2797 318 2876; x_wconf 90' lang='lat' dir='ltr'>ciorum</span> <span class='ocrx_word' id='word_1_135' title='bbox 357 2819 484 2900; x_wconf 82' lang='lat' dir='ltr'>genere</span> <span class='ocrx_word' id='word_1_136' title='bbox 523 2797 763 2892; x_wconf 89' lang='lat' dir='ltr'>instituendo,</span> <span class='ocrx_word' id='word_1_137' title='bbox 801 2797 830 2874; x_wconf 91' lang='lat' dir='ltr'>si</span> <span class='ocrx_word' id='word_1_138' title='bbox 860 2795 1075 2901; x_wconf 90' lang='lat' dir='ltr'>quandoque</span> <span class='ocrx_word' id='word_1_139' title='bbox 1113 2795 1282 2898; x_wconf 82' lang='lat' dir='ltr'>coniuges</span> <span class='ocrx_word' id='word_1_140' title='bbox 1311 2794 1356 2874; x_wconf 85' lang='lat' dir='ltr'>ab</span> 
     </span>
     <span class='ocr_line' id='line_1_21' title="bbox 184 2919 1356 3019; baseline 0 -21"><span class='ocrx_word' id='word_1_141' title='bbox 184 2919 383 2999; x_wconf 88' lang='lat' dir='ltr'>acatholico</span> <span class='ocrx_word' id='word_1_142' title='bbox 397 2922 607 2999; x_wconf 90' lang='lat' dir='ltr'>consistorio</span> <span class='ocrx_word' id='word_1_143' title='bbox 627 2921 841 3000; x_wconf 89' lang='lat' dir='ltr'>matrimonii</span> <span class='ocrx_word' id='word_1_144' title='bbox 857 2921 998 3000; x_wconf 91' lang='lat' dir='ltr'>vinculo</span> <span class='ocrx_word' id='word_1_145' title='bbox 1017 2922 1139 3019; x_wconf 89' lang='lat' dir='ltr'>soluti,</span> <span class='ocrx_word' id='word_1_146' title='bbox 1159 2921 1255 2999; x_wconf 89' lang='lat' dir='ltr'>haud</span> <span class='ocrx_word' id='word_1_147' title='bbox 1271 2947 1356 3000; x_wconf 88' lang='lat' dir='ltr'>con-</span> 
     </span>
     <span class='ocr_line' id='line_1_22' title="bbox 184 3042 1350 3148; baseline 0.003 -29"><span class='ocrx_word' id='word_1_148' title='bbox 184 3042 336 3120; x_wconf 88' lang='lat' dir='ltr'>fidentes</span> <span class='ocrx_word' id='word_1_149' title='bbox 364 3055 435 3121; x_wconf 88' lang='lat' dir='ltr'>tam</span> <span class='ocrx_word' id='word_1_150' title='bbox 464 3044 533 3121; x_wconf 88' lang='lat' dir='ltr'>levi</span> <span class='ocrx_word' id='word_1_151' title='bbox 562 3058 671 3148; x_wconf 91' lang='lat' dir='ltr'>atque</span> <span class='ocrx_word' id='word_1_152' title='bbox 700 3045 859 3122; x_wconf 82' lang='lat' dir='ltr'>infirmae</span> <span class='ocrx_word' id='word_1_153' title='bbox 880 3045 1084 3124; x_wconf 85' lang='lat' dir='ltr'>auctoritati</span> <span class='ocrx_word' id='word_1_154' title='bbox 1106 3045 1150 3122; x_wconf 91' lang='lat' dir='ltr'>ad</span> <span class='ocrx_word' id='word_1_155' title='bbox 1170 3045 1350 3123; x_wconf 86' lang='lat' dir='ltr'>Ecclesiae</span> 
     </span>
     <span class='ocr_line' id='line_1_23' title="bbox 183 3165 1354 3273; baseline 0 -29"><span class='ocrx_word' id='word_1_156' title='bbox 183 3165 298 3246; x_wconf 88' lang='lat' dir='ltr'>lorum</span> <span class='ocrx_word' id='word_1_157' title='bbox 327 3166 552 3270; x_wconf 77' lang='lat' dir='ltr'>confugiunt,</span> <span class='ocrx_word' id='word_1_158' title='bbox 585 3193 761 3273; x_wconf 91' lang='lat' dir='ltr'>suumque</span> <span class='ocrx_word' id='word_1_159' title='bbox 790 3167 1206 3247; x_wconf 91' lang='lat' dir='ltr'>matrimoniumirritom</span> <span class='ocrx_word' id='word_1_160' title='bbox 1236 3167 1354 3246; x_wconf 91' lang='lat' dir='ltr'>decla-</span> 
     </span>
     <span class='ocr_line' id='line_1_24' title="bbox 183 3291 1355 3396; baseline 0.002 -29"><span class='ocrx_word' id='word_1_161' title='bbox 183 3291 255 3368; x_wconf 92' lang='lat' dir='ltr'>rari</span> <span class='ocrx_word' id='word_1_162' title='bbox 284 3304 428 3395; x_wconf 91' lang='lat' dir='ltr'>petunt,</span> <span class='ocrx_word' id='word_1_163' title='bbox 459 3291 589 3369; x_wconf 93' lang='lat' dir='ltr'>iterum</span> <span class='ocrx_word' id='word_1_164' title='bbox 617 3291 768 3371; x_wconf 92' lang='lat' dir='ltr'>dicimus</span> <span class='ocrx_word' id='word_1_165' title='bbox 796 3306 904 3396; x_wconf 89' lang='lat' dir='ltr'>atque</span> <span class='ocrx_word' id='word_1_166' title='bbox 941 3293 1171 3371; x_wconf 88' lang='lat' dir='ltr'>mandamus:</span> <span class='ocrx_word' id='word_1_167' title='bbox 1204 3291 1355 3370; x_wconf 90' lang='lat' dir='ltr'>iudicem</span> 
     </span>
     <span class='ocr_line' id='line_1_25' title="bbox 183 3412 1351 3520; baseline 0.002 -29"><span class='ocrx_word' id='word_1_168' title='bbox 183 3412 286 3517; x_wconf 92' lang='lat' dir='ltr'>sequi</span> <span class='ocrx_word' id='word_1_169' title='bbox 316 3413 446 3491; x_wconf 90' lang='lat' dir='ltr'>debere</span> <span class='ocrx_word' id='word_1_170' title='bbox 475 3413 621 3492; x_wconf 83' lang='lat' dir='ltr'>formam</span> <span class='ocrx_word' id='word_1_171' title='bbox 651 3414 859 3494; x_wconf 83' lang='lat' dir='ltr'>conficiendi</span> <span class='ocrx_word' id='word_1_172' title='bbox 890 3439 1093 3520; x_wconf 90' lang='lat' dir='ltr'>processum</span> <span class='ocrx_word' id='word_1_173' title='bbox 1113 3441 1154 3494; x_wconf 90' lang='lat' dir='ltr'>ea</span> <span class='ocrx_word' id='word_1_174' title='bbox 1172 3415 1351 3510; x_wconf 89' lang='lat' dir='ltr'>methodo,</span> 
     </span>
     <span class='ocr_line' id='line_1_26' title="bbox 183 3539 1355 3642; baseline 0.003 -30"><span class='ocrx_word' id='word_1_175' title='bbox 183 3559 290 3639; x_wconf 89' lang='lat' dir='ltr'>quam</span> <span class='ocrx_word' id='word_1_176' title='bbox 321 3561 429 3642; x_wconf 91' lang='lat' dir='ltr'>supra</span> <span class='ocrx_word' id='word_1_177' title='bbox 458 3539 766 3642; x_wconf 88' lang='lat' dir='ltr'>praescripsimus,</span> <span class='ocrx_word' id='word_1_178' title='bbox 799 3540 1064 3618; x_wconf 92' lang='lat' dir='ltr'>matrimonium</span> <span class='ocrx_word' id='word_1_179' title='bbox 1098 3565 1181 3618; x_wconf 90' lang='lat' dir='ltr'>vero</span> <span class='ocrx_word' id='word_1_180' title='bbox 1214 3541 1355 3617; x_wconf 89' lang='lat' dir='ltr'>irritum</span> 
     </span>
     <span class='ocr_line' id='line_1_27' title="bbox 183 3661 1352 3768; baseline 0.002 -29"><span class='ocrx_word' id='word_1_181' title='bbox 183 3661 330 3739; x_wconf 92' lang='lat' dir='ltr'>minime</span> <span class='ocrx_word' id='word_1_182' title='bbox 359 3663 560 3741; x_wconf 87' lang='lat' dir='ltr'>renuntiari</span> <span class='ocrx_word' id='word_1_183' title='bbox 589 3687 692 3768; x_wconf 91' lang='lat' dir='ltr'>posse</span> <span class='ocrx_word' id='word_1_184' title='bbox 720 3664 955 3758; x_wconf 90' lang='lat' dir='ltr'>declaramus,</span> <span class='ocrx_word' id='word_1_185' title='bbox 988 3663 1056 3741; x_wconf 93' lang='lat' dir='ltr'>nisi</span> <span class='ocrx_word' id='word_1_186' title='bbox 1085 3689 1128 3740; x_wconf 84' lang='lat' dir='ltr'>ex</span> <span class='ocrx_word' id='word_1_187' title='bbox 1149 3663 1192 3741; x_wconf 92' lang='lat' dir='ltr'>iis</span> <span class='ocrx_word' id='word_1_188' title='bbox 1220 3666 1352 3758; x_wconf 81' lang='lat' dir='ltr'>causis,</span> 
     </span>
     <span class='ocr_line' id='line_1_28' title="bbox 184 3785 1356 3892; baseline 0.001 -30"><span class='ocrx_word' id='word_1_189' title='bbox 184 3807 277 3889; x_wconf 90' lang='lat' dir='ltr'>quas</span> <span class='ocrx_word' id='word_1_190' title='bbox 305 3785 471 3890; x_wconf 90' lang='lat' dir='ltr'>superius</span> <span class='ocrx_word' id='word_1_191' title='bbox 499 3787 757 3880; x_wconf 90' lang='lat' dir='ltr'>recensuimus,</span> <span class='ocrx_word' id='word_1_192' title='bbox 789 3812 951 3892; x_wconf 91' lang='lat' dir='ltr'>quasque</span> <span class='ocrx_word' id='word_1_193' title='bbox 988 3797 1113 3891; x_wconf 88' lang='lat' dir='ltr'>utpote</span> <span class='ocrx_word' id='word_1_194' title='bbox 1133 3811 1213 3864; x_wconf 93' lang='lat' dir='ltr'>cum</span> <span class='ocrx_word' id='word_1_195' title='bbox 1233 3785 1356 3864; x_wconf 84' lang='lat' dir='ltr'>Eccle-</span> 
     </span>
     <span class='ocr_line' id='line_1_29' title="bbox 183 3907 1358 4014; baseline 0.002 -28"><span class='ocrx_word' id='word_1_196' title='bbox 183 3909 262 3986; x_wconf 81' lang='lat' dir='ltr'>tiae</span> <span class='ocrx_word' id='word_1_197' title='bbox 291 3907 453 3986; x_wconf 90' lang='lat' dir='ltr'>doctrina</span> <span class='ocrx_word' id='word_1_198' title='bbox 469 3924 506 3988; x_wconf 86' lang='lat' dir='ltr'>et</span> <span class='ocrx_word' id='word_1_199' title='bbox 525 3910 685 3988; x_wconf 90' lang='lat' dir='ltr'>unanimi</span> <span class='ocrx_word' id='word_1_200' title='bbox 714 3924 857 4014; x_wconf 89' lang='lat' dir='ltr'>patrum</span> <span class='ocrx_word' id='word_1_201' title='bbox 886 3923 921 3988; x_wconf 91' lang='lat' dir='ltr'>et</span> <span class='ocrx_word' id='word_1_202' title='bbox 947 3911 1131 3989; x_wconf 90' lang='lat' dir='ltr'>doctorum</span> <span class='ocrx_word' id='word_1_203' title='bbox 1164 3910 1358 3988; x_wconf 90' lang='lat' dir='ltr'>catholico-</span> 
     </span>
     <span class='ocr_line' id='line_1_30' title="bbox 183 4032 1353 4142; baseline 0.004 -32"><span class='ocrx_word' id='word_1_204' title='bbox 183 4051 264 4110; x_wconf 86' lang='lat' dir='ltr'>rum</span> <span class='ocrx_word' id='word_1_205' title='bbox 293 4032 473 4110; x_wconf 90' lang='lat' dir='ltr'>sententia</span> <span class='ocrx_word' id='word_1_206' title='bbox 502 4047 760 4113; x_wconf 91' lang='lat' dir='ltr'>consentaneas</span> <span class='ocrx_word' id='word_1_207' title='bbox 789 4033 898 4114; x_wconf 90' lang='lat' dir='ltr'>Sedes</span> <span class='ocrx_word' id='word_1_208' title='bbox 916 4036 1353 4142; x_wconf 87' lang='lat' dir='ltr'>apostolicaapprobavit.</span> 
     </span>
     <span class='ocr_line' id='line_1_31' title="bbox 182 4146 1353 4265; baseline 0.003 -31"><span class='ocrx_word' id='word_1_209' title='bbox 182 4146 236 4234; x_wconf 80' lang='lat' dir='ltr'>td</span> <span class='ocrx_word' id='word_1_210' title='bbox 265 4155 407 4260; x_wconf 88' lang='lat' dir='ltr'>plenam</span> <span class='ocrx_word' id='word_1_211' title='bbox 434 4157 636 4260; x_wconf 90' lang='lat' dir='ltr'>propositae</span> <span class='ocrx_word' id='word_1_212' title='bbox 665 4156 729 4235; x_wconf 91' lang='lat' dir='ltr'>abs</span> <span class='ocrx_word' id='word_1_213' title='bbox 750 4171 784 4236; x_wconf 93' lang='lat' dir='ltr'>te</span> <span class='ocrx_word' id='word_1_214' title='bbox 804 4159 1024 4262; x_wconf 87' lang='lat' dir='ltr'>quaestionis</span> <span class='ocrx_word' id='word_1_215' title='bbox 1052 4159 1353 4265; x_wconf 85' lang='lat' dir='ltr'>explanationem,</span> 
     </span>
     <span class='ocr_line' id='line_1_32' title="bbox 183 4277 1358 4388; baseline 0.006 -31"><span class='ocrx_word' id='word_1_216' title='bbox 183 4284 297 4358; x_wconf 80' lang='lat' dir='ltr'>restat</span> <span class='ocrx_word' id='word_1_217' title='bbox 325 4303 422 4356; x_wconf 89' lang='lat' dir='ltr'>nunc</span> <span class='ocrx_word' id='word_1_218' title='bbox 449 4277 717 4376; x_wconf 88' lang='lat' dir='ltr'>declarandum,</span> <span class='ocrx_word' id='word_1_219' title='bbox 749 4307 795 4360; x_wconf 89' lang='lat' dir='ltr'>an</span> <span class='ocrx_word' id='word_1_220' title='bbox 824 4283 848 4360; x_wconf 95' lang='lat' dir='ltr'>ii</span> <span class='ocrx_word' id='word_1_221' title='bbox 877 4283 1046 4388; x_wconf 85' lang='lat' dir='ltr'>coniuges</span> <span class='ocrx_word' id='word_1_222' title='bbox 1073 4284 1269 4364; x_wconf 88' lang='lat' dir='ltr'>catholicae</span> <span class='ocrx_word' id='word_1_223' title='bbox 1299 4309 1358 4364; x_wconf 91' lang='lat' dir='ltr'>re-</span> 
     </span>
    </p>
   </div>
   <div class='ocr_carea' id='block_1_3' title="bbox 254 4425 861 4513">
    <p class='ocr_par' dir='ltr' id='par_1_4' title="bbox 254 4425 861 4513">
     <span class='ocr_line' id='line_1_33' title="bbox 254 4425 861 4513; baseline 0.003 -19"><span class='ocrx_word' id='word_1_224' title='bbox 254 4425 287 4510; x_wconf 80' lang='lat' dir='ltr'>(lt</span> <span class='ocrx_word' id='word_1_225' title='bbox 310 4435 380 4494; x_wconf 71' lang='lat' dir='ltr'>aas.</span> <span class='ocrx_word' id='word_1_226' title='bbox 400 4439 497 4495; x_wconf 67' lang='grc' dir='ltr'>ων.</span> <span class='ocrx_word' id='word_1_227' title='bbox 517 4441 556 4495; x_wconf 77' lang='lat' dir='ltr'>ne</span> <span class='ocrx_word' id='word_1_228' title='bbox 568 4440 626 4513; x_wconf 66' lang='lat' dir='ltr'>aas.</span> <span class='ocrx_word' id='word_1_229' title='bbox 642 4441 778 4498; x_wconf 76' lang='lat' dir='ltr'>matrem.</span> <span class='ocrx_word' id='word_1_230' title='bbox 793 4453 817 4496; x_wconf 69' lang='grc' dir='ltr'>ι.</span> <span class='ocrx_word' id='word_1_231' title='bbox 838 4445 861 4496; x_wconf 78' lang='lat' dir='ltr'>r.</span> 
     </span>
    </p>
   </div>
   <div class='ocr_carea' id='block_1_4' title="bbox 0 0 1728 5298">
    <p class='ocr_par' dir='ltr' id='par_1_5' title="bbox 0 0 1728 5298">
     <span class='ocr_line' id='line_1_34' title="bbox 0 0 1728 5298; baseline 0 0"><span class='ocrx_word' id='word_1_232' title='bbox 0 0 1728 5298; x_wconf 95' lang='lat' dir='ltr'> </span> 
     </span>
    </p>
   </div>
  </div>
 </body>
</html>
