<?xml version="1.0" encoding="UTF-8"?>
<!DOCTYPE html PUBLIC "-//W3C//DTD XHTML 1.0 Transitional//EN"
    "http://www.w3.org/TR/xhtml1/DTD/xhtml1-transitional.dtd">
<html xmlns="http://www.w3.org/1999/xhtml" xml:lang="en" lang="en">
 <head>
  <title>
</title>
<meta http-equiv="Content-Type" content="text/html;charset=utf-8" />
  <meta name='ocr-system' content='tesseract 3.04.00' />
  <meta name='ocr-capabilities' content='ocr_page ocr_carea ocr_par ocr_line ocrx_word'/>
</head>
<body>
  <div class='ocr_page' id='page_1' title='image "./deimpedimentism00mansgoog_0463.png"; bbox 0 0 3446 5298; ppageno 0'>
   <div class='ocr_carea' id='block_1_1' title="bbox 356 420 1528 4353">
    <p class='ocr_par' dir='ltr' id='par_1_1' title="bbox 356 420 1528 4353">
     <span class='ocr_line' id='line_1_1' title="bbox 849 420 1026 482; baseline 0.006 -1"><span class='ocrx_word' id='word_1_1' title='bbox 849 452 887 466; x_wconf 92' lang='lat'><em>-</em></span> <span class='ocrx_word' id='word_1_2' title='bbox 909 420 967 482; x_wconf 92' lang='grc'><strong>444</strong></span> <span class='ocrx_word' id='word_1_3' title='bbox 988 451 1026 466; x_wconf 94' lang='grc'><strong>-</strong></span> 
     </span>
     <span class='ocr_line' id='line_1_2' title="bbox 483 541 1430 638; baseline 0.001 -28"><span class='ocrx_word' id='word_1_4' title='bbox 483 544 679 633; x_wconf 88' lang='lat' dir='ltr'><strong>inquiritur</strong></span> <span class='ocrx_word' id='word_1_5' title='bbox 702 563 747 638; x_wconf 85' lang='lat' dir='ltr'><strong>an</strong></span> <span class='ocrx_word' id='word_1_6' title='bbox 778 543 974 611; x_wconf 89' lang='lat' dir='ltr'><strong>decretoria</strong></span> <span class='ocrx_word' id='word_1_7' title='bbox 1003 541 1190 610; x_wconf 84' lang='lat' dir='ltr'><strong>extentio</strong></span> <span class='ocrx_word' id='word_1_8' title='bbox 1215 561 1298 610; x_wconf 91' lang='lat' dir='ltr'><strong>casu</strong></span> <span class='ocrx_word' id='word_1_9' title='bbox 1329 563 1430 630; x_wconf 83' lang='lat' dir='ltr'><strong>argu-</strong></span> 
     </span>
     <span class='ocr_line' id='line_1_3' title="bbox 484 647 1431 738; baseline -0.001 -22"><span class='ocrx_word' id='word_1_10' title='bbox 484 655 618 734; x_wconf 89' lang='lat' dir='ltr'><strong>menta,</strong></span> <span class='ocrx_word' id='word_1_11' title='bbox 643 650 772 738; x_wconf 92' lang='lat' dir='ltr'><strong>quibus</strong></span> <span class='ocrx_word' id='word_1_12' title='bbox 796 669 866 718; x_wconf 95' lang='lat' dir='ltr'><strong>non</strong></span> <span class='ocrx_word' id='word_1_13' title='bbox 896 653 1018 718; x_wconf 88' lang='lat' dir='ltr'><strong>secuta</strong></span> <span class='ocrx_word' id='word_1_14' title='bbox 1049 647 1308 716; x_wconf 82' lang='lat' dir='ltr'>consummatio</span> <span class='ocrx_word' id='word_1_15' title='bbox 1332 647 1431 715; x_wconf 91' lang='lat' dir='ltr'><strong>lucu-</strong></span> 
     </span>
     <span class='ocr_line' id='line_1_4' title="bbox 485 751 1428 845; baseline -0.002 -23"><span class='ocrx_word' id='word_1_16' title='bbox 485 755 683 824; x_wconf 89' lang='lat' dir='ltr'><strong>lentissime</strong></span> <span class='ocrx_word' id='word_1_17' title='bbox 699 760 840 845; x_wconf 88' lang='lat' dir='ltr'><strong>pateat;</strong></span> <span class='ocrx_word' id='word_1_18' title='bbox 860 753 951 843; x_wconf 91' lang='lat' dir='ltr'><strong>quod</strong></span> <span class='ocrx_word' id='word_1_19' title='bbox 968 759 1043 822; x_wconf 90' lang='lat' dir='ltr'><strong>tum</strong></span> <span class='ocrx_word' id='word_1_20' title='bbox 1057 775 1102 820; x_wconf 84' lang='grc'><strong>444</strong></span> <span class='ocrx_word' id='word_1_21' title='bbox 1118 752 1186 822; x_wconf 83' lang='grc'>4141</span> <span class='ocrx_word' id='word_1_22' title='bbox 1204 751 1428 842; x_wconf 79' lang='lat' dir='ltr'>impotentia,</span> 
     </span>
     <span class='ocr_line' id='line_1_5' title="bbox 486 857 1433 950; baseline -0.003 -23"><span class='ocrx_word' id='word_1_23' title='bbox 486 865 565 928; x_wconf 94' lang='lat' dir='ltr'><strong>tum</strong></span> <span class='ocrx_word' id='word_1_24' title='bbox 582 881 627 928; x_wconf 88' lang='grc'><strong>444</strong></span> <span class='ocrx_word' id='word_1_25' title='bbox 641 867 825 950; x_wconf 88' lang='lat' dir='ltr'><strong>perspecta</strong></span> <span class='ocrx_word' id='word_1_26' title='bbox 839 879 879 928; x_wconf 87' lang='lat' dir='ltr'><strong>oc</strong></span> <span class='ocrx_word' id='word_1_27' title='bbox 896 860 984 928; x_wconf 90' lang='lat' dir='ltr'><strong>satis</strong></span> <span class='ocrx_word' id='word_1_28' title='bbox 996 879 1169 948; x_wconf 80' lang='lat' dir='ltr'><strong>superque</strong></span> <span class='ocrx_word' id='word_1_29' title='bbox 1182 857 1328 948; x_wconf 85' lang='lat' dir='ltr'><strong>probata</strong></span> <span class='ocrx_word' id='word_1_30' title='bbox 1345 857 1433 947; x_wconf 87' lang='lat' dir='ltr'><strong>plry·</strong></span> 
     </span>
     <span class='ocr_line' id='line_1_6' title="bbox 484 945 1519 1054; baseline -0.003 -22"><span class='ocrx_word' id='word_1_31' title='bbox 484 967 556 1033; x_wconf 91' lang='lat' dir='ltr'><strong>sica</strong></span> <span class='ocrx_word' id='word_1_32' title='bbox 581 965 738 1034; x_wconf 92' lang='lat' dir='ltr'><strong>mulieris</strong></span> <span class='ocrx_word' id='word_1_33' title='bbox 761 965 970 1054; x_wconf 77' lang='lat' dir='ltr'><strong>virginitate</strong></span> <span class='ocrx_word' id='word_1_34' title='bbox 988 971 1151 1033; x_wconf 79' lang='lat' dir='ltr'>constare</span> <span class='ocrx_word' id='word_1_35' title='bbox 1167 963 1369 1032; x_wconf 80' lang='lat' dir='ltr'><strong>ostenditur</strong></span> <span class='ocrx_word' id='word_1_36' title='bbox 1390 983 1429 1050; x_wconf 90' lang='lat' dir='ltr'><strong>p.</strong></span> <span class='ocrx_word' id='word_1_37' title='bbox 1455 945 1519 1030; x_wconf 75' lang='lat' dir='ltr'><strong>aad</strong></span> 
     </span>
     <span class='ocr_line' id='line_1_7' title="bbox 441 1071 1432 1174; baseline 0 -35"><span class='ocrx_word' id='word_1_38' title='bbox 441 1071 473 1160; x_wconf 81' lang='lat' dir='ltr'><strong>c)</strong></span> <span class='ocrx_word' id='word_1_39' title='bbox 499 1075 547 1140; x_wconf 88' lang='lat' dir='ltr'><strong>De</strong></span> <span class='ocrx_word' id='word_1_40' title='bbox 571 1073 668 1161; x_wconf 84' lang='lat' dir='ltr'><strong>gravi</strong></span> <span class='ocrx_word' id='word_1_41' title='bbox 698 1079 746 1174; x_wconf 44' lang='lat' dir='ltr'><strong>ct·</strong></span> <span class='ocrx_word' id='word_1_42' title='bbox 767 1073 862 1142; x_wconf 87' lang='lat' dir='ltr'><strong>iusta</strong></span> <span class='ocrx_word' id='word_1_43' title='bbox 893 1093 999 1142; x_wconf 90' lang='lat' dir='ltr'><strong>causa</strong></span> <span class='ocrx_word' id='word_1_44' title='bbox 1028 1072 1071 1140; x_wconf 91' lang='lat' dir='ltr'><strong>od</strong></span> <span class='ocrx_word' id='word_1_45' title='bbox 1101 1071 1383 1162; x_wconf 82' lang='lat' dir='ltr'><strong>dispensandum.</strong></span> <span class='ocrx_word' id='word_1_46' title='bbox 1410 1111 1432 1122; x_wconf 95' lang='lat'><em>-</em></span> 
     </span>
     <span class='ocr_line' id='line_1_8' title="bbox 485 1179 1432 1267; baseline 0 -21"><span class='ocrx_word' id='word_1_47' title='bbox 485 1179 687 1264; x_wconf 82' lang='lat' dir='ltr'><strong>Quaeritur,</strong></span> <span class='ocrx_word' id='word_1_48' title='bbox 714 1200 760 1247; x_wconf 91' lang='lat' dir='ltr'><strong>an</strong></span> <span class='ocrx_word' id='word_1_49' title='bbox 790 1180 907 1248; x_wconf 88' lang='lat' dir='ltr'><strong>iustae</strong></span> <span class='ocrx_word' id='word_1_50' title='bbox 932 1179 967 1248; x_wconf 95' lang='lat' dir='ltr'><strong>in</strong></span> <span class='ocrx_word' id='word_1_51' title='bbox 996 1199 1083 1250; x_wconf 88' lang='lat' dir='ltr'><strong>casu</strong></span> <span class='ocrx_word' id='word_1_52' title='bbox 1111 1185 1325 1248; x_wconf 79' lang='lat' dir='ltr'><strong>concurrant</strong></span> <span class='ocrx_word' id='word_1_53' title='bbox 1356 1199 1432 1267; x_wconf 81' lang='lat' dir='ltr'><strong>gra-</strong></span> 
     </span>
     <span class='ocr_line' id='line_1_9' title="bbox 486 1284 1431 1375; baseline -0.002 -21"><span class='ocrx_word' id='word_1_54' title='bbox 486 1305 618 1374; x_wconf 86' lang='lat' dir='ltr'><strong>vesque</strong></span> <span class='ocrx_word' id='word_1_55' title='bbox 630 1307 756 1354; x_wconf 88' lang='lat' dir='ltr'><strong>causac</strong></span> <span class='ocrx_word' id='word_1_56' title='bbox 772 1307 835 1374; x_wconf 91' lang='lat' dir='ltr'><strong>pro</strong></span> <span class='ocrx_word' id='word_1_57' title='bbox 847 1284 1028 1374; x_wconf 85' lang='lat' dir='ltr'><strong>pontificia</strong></span> <span class='ocrx_word' id='word_1_58' title='bbox 1044 1285 1322 1375; x_wconf 81' lang='lat' dir='ltr'><strong>dispensationc3</strong></span> <span class='ocrx_word' id='word_1_59' title='bbox 1341 1305 1431 1374; x_wconf 89' lang='lat' dir='ltr'><strong>quac</strong></span> 
     </span>
     <span class='ocr_line' id='line_1_10' title="bbox 487 1390 1432 1481; baseline 0.003 -24"><span class='ocrx_word' id='word_1_60' title='bbox 487 1390 530 1457; x_wconf 91' lang='lat' dir='ltr'><strong>ab</strong></span> <span class='ocrx_word' id='word_1_61' title='bbox 554 1392 686 1459; x_wconf 88' lang='lat' dir='ltr'><strong>actuali</strong></span> <span class='ocrx_word' id='word_1_62' title='bbox 712 1391 787 1460; x_wconf 80' lang='lat' dir='ltr'><strong>sirc</strong></span> <span class='ocrx_word' id='word_1_63' title='bbox 811 1397 982 1481; x_wconf 89' lang='lat' dir='ltr'><strong>perpetua</strong></span> <span class='ocrx_word' id='word_1_64' title='bbox 1007 1393 1082 1462; x_wconf 79' lang='lat' dir='ltr'><strong>siue</strong></span> <span class='ocrx_word' id='word_1_65' title='bbox 1114 1392 1300 1480; x_wconf 88' lang='lat' dir='ltr'><strong>temporali</strong></span> <span class='ocrx_word' id='word_1_66' title='bbox 1325 1391 1432 1480; x_wconf 78' lang='lat' dir='ltr'><strong>impo</strong></span> 
     </span>
     <span class='ocr_line' id='line_1_11' title="bbox 487 1497 1430 1587; baseline -0.001 -22"><span class='ocrx_word' id='word_1_67' title='bbox 487 1497 602 1566; x_wconf 84' lang='lat' dir='ltr'><strong>tentia</strong></span> <span class='ocrx_word' id='word_1_68' title='bbox 627 1497 708 1582; x_wconf 84' lang='lat' dir='ltr'><strong>riri,</strong></span> <span class='ocrx_word' id='word_1_69' title='bbox 734 1502 843 1587; x_wconf 88' lang='lat' dir='ltr'><strong>atquc</strong></span> <span class='ocrx_word' id='word_1_70' title='bbox 867 1519 911 1566; x_wconf 86' lang='lat' dir='ltr'><strong>cx</strong></span> <span class='ocrx_word' id='word_1_71' title='bbox 935 1501 1134 1568; x_wconf 89' lang='lat' dir='ltr'><strong>animorum</strong></span> <span class='ocrx_word' id='word_1_72' title='bbox 1165 1498 1350 1568; x_wconf 77' lang='lat' dir='ltr'><strong>ovorsione</strong></span> <span class='ocrx_word' id='word_1_73' title='bbox 1374 1518 1430 1586; x_wconf 86' lang='lat' dir='ltr'><strong>pc-</strong></span> 
     </span>
     <span class='ocr_line' id='line_1_12' title="bbox 488 1611 1522 1675; baseline -0.002 -1"><span class='ocrx_word' id='word_1_74' title='bbox 488 1612 618 1675; x_wconf 82' lang='lat' dir='ltr'><strong>tuntur</strong></span> <span class='ocrx_word' id='word_1_75' title='bbox 648 1655 1364 1674; x_wconf 92' lang='grc'><strong>.............</strong></span> <span class='ocrx_word' id='word_1_76' title='bbox 1415 1611 1522 1674; x_wconf 64' lang='lat' dir='ltr'><strong>aaut</strong></span> 
     </span>
     <span class='ocr_line' id='line_1_13' title="bbox 359 1707 1431 1802; baseline 0 -22"><span class='ocrx_word' id='word_1_77' title='bbox 359 1707 361 1718; x_wconf 85' lang='lat'>&#39;</span> <span class='ocrx_word' id='word_1_78' title='bbox 444 1714 480 1800; x_wconf 92' lang='lat' dir='ltr'><strong>d)</strong></span> <span class='ocrx_word' id='word_1_79' title='bbox 507 1714 630 1782; x_wconf 84' lang='lat' dir='ltr'><strong>Obiter</strong></span> <span class='ocrx_word' id='word_1_80' title='bbox 646 1713 764 1801; x_wconf 82' lang='lat' dir='ltr'><strong>agitur</strong></span> <span class='ocrx_word' id='word_1_81' title='bbox 781 1713 823 1780; x_wconf 94' lang='lat' dir='ltr'><strong>de</strong></span> <span class='ocrx_word' id='word_1_82' title='bbox 841 1713 973 1802; x_wconf 88' lang='lat' dir='ltr'><strong>triplici</strong></span> <span class='ocrx_word' id='word_1_83' title='bbox 986 1712 1289 1802; x_wconf 79' lang='lat' dir='ltr'><strong>dispensationum</strong></span> <span class='ocrx_word' id='word_1_84' title='bbox 1307 1711 1431 1794; x_wconf 83' lang='lat' dir='ltr'><strong>torma,</strong></span> 
     </span>
     <span class='ocr_line' id='line_1_14' title="bbox 489 1819 1523 1910; baseline -0.004 -22"><span class='ocrx_word' id='word_1_85' title='bbox 489 1841 613 1910; x_wconf 87' lang='lat' dir='ltr'><strong>nempe</strong></span> <span class='ocrx_word' id='word_1_86' title='bbox 637 1821 802 1909; x_wconf 77' lang='lat' dir='ltr'><strong>gratiosa,</strong></span> <span class='ocrx_word' id='word_1_87' title='bbox 829 1819 1067 1888; x_wconf 82' lang='lat' dir='ltr'><strong>commissario</strong></span> <span class='ocrx_word' id='word_1_88' title='bbox 1092 1825 1130 1886; x_wconf 91' lang='lat' dir='ltr'><strong>ct</strong></span> <span class='ocrx_word' id='word_1_89' title='bbox 1154 1819 1268 1886; x_wconf 80' lang='lat' dir='ltr'><strong>mixta</strong></span> <span class='ocrx_word' id='word_1_90' title='bbox 1299 1871 1306 1886; x_wconf 91' lang='lat'><strong>.</strong></span> <span class='ocrx_word' id='word_1_91' title='bbox 1357 1869 1364 1882; x_wconf 91' lang='lat'>.</span> <span class='ocrx_word' id='word_1_92' title='bbox 1416 1847 1431 1880; x_wconf 79' lang='grc'><strong>4</strong></span> <span class='ocrx_word' id='word_1_93' title='bbox 1459 1823 1523 1885; x_wconf 74' lang='grc'>3141</span> 
     </span>
     <span class='ocr_line' id='line_1_15' title="bbox 442 1924 1523 2014; baseline -0.004 -20"><span class='ocrx_word' id='word_1_94' title='bbox 442 1928 474 1994; x_wconf 86' lang='lat' dir='ltr'><strong>S.</strong></span> <span class='ocrx_word' id='word_1_95' title='bbox 503 1929 537 1995; x_wconf 85' lang='lat' dir='ltr'><strong>C.</strong></span> <span class='ocrx_word' id='word_1_96' title='bbox 565 1926 708 1995; x_wconf 85' lang='lat' dir='ltr'><strong>Concilii</strong></span> <span class='ocrx_word' id='word_1_97' title='bbox 733 1925 776 1996; x_wconf 89' lang='lat' dir='ltr'><strong>ad</strong></span> <span class='ocrx_word' id='word_1_98' title='bbox 799 1925 978 2014; x_wconf 88' lang='lat' dir='ltr'><strong>proposita</strong></span> <span class='ocrx_word' id='word_1_99' title='bbox 1003 1924 1108 1994; x_wconf 91' lang='lat' dir='ltr'><strong>dubia</strong></span> <span class='ocrx_word' id='word_1_100' title='bbox 1133 1945 1360 2014; x_wconf 91' lang='lat' dir='ltr'><strong>responsum.</strong></span> <span class='ocrx_word' id='word_1_101' title='bbox 1412 1953 1427 1987; x_wconf 74' lang='grc'><strong>4</strong></span> <span class='ocrx_word' id='word_1_102' title='bbox 1457 1928 1523 1990; x_wconf 82' lang='grc'>319</span> 
     </span>
     <span class='ocr_line' id='line_1_16' title="bbox 356 2031 1436 2114; baseline 0 -14"><span class='ocrx_word' id='word_1_103' title='bbox 356 2033 631 2100; x_wconf 77' lang='lat' dir='ltr'><strong>DISCEPTATIO</strong></span> <span class='ocrx_word' id='word_1_104' title='bbox 654 2033 841 2114; x_wconf 69' lang='lat' dir='ltr'><strong>otdn‘m.</strong></span> <span class='ocrx_word' id='word_1_105' title='bbox 865 2070 887 2082; x_wconf 91' lang='lat'><em>-</em></span> <span class='ocrx_word' id='word_1_106' title='bbox 911 2035 958 2102; x_wconf 89' lang='lat' dir='ltr'><strong>De</strong></span> <span class='ocrx_word' id='word_1_107' title='bbox 983 2031 1083 2100; x_wconf 90' lang='lat' dir='ltr'><strong>lirmo</strong></span> <span class='ocrx_word' id='word_1_108' title='bbox 1113 2031 1170 2101; x_wconf 83' lang='lat' dir='ltr'><strong>rcl</strong></span> <span class='ocrx_word' id='word_1_109' title='bbox 1196 2032 1292 2100; x_wconf 94' lang='lat' dir='ltr'><strong>nullo</strong></span> <span class='ocrx_word' id='word_1_110' title='bbox 1316 2032 1436 2100; x_wconf 92' lang='lat' dir='ltr'><strong>coniu-</strong></span> 
     </span>
     <span class='ocr_line' id='line_1_17' title="bbox 489 2136 1434 2226; baseline -0.001 -20"><span class='ocrx_word' id='word_1_111' title='bbox 489 2140 543 2226; x_wconf 81' lang='lat' dir='ltr'><strong>gio</strong></span> <span class='ocrx_word' id='word_1_112' title='bbox 566 2143 646 2225; x_wconf 89' lang='lat' dir='ltr'><strong>post</strong></span> <span class='ocrx_word' id='word_1_113' title='bbox 671 2145 813 2226; x_wconf 89' lang='lat' dir='ltr'><strong>raptum</strong></span> <span class='ocrx_word' id='word_1_114' title='bbox 838 2137 995 2206; x_wconf 93' lang='lat' dir='ltr'><strong>mulieris</strong></span> <span class='ocrx_word' id='word_1_115' title='bbox 1025 2137 1143 2226; x_wconf 88' lang='lat' dir='ltr'><strong>raptui</strong></span> <span class='ocrx_word' id='word_1_116' title='bbox 1176 2136 1434 2208; x_wconf 88' lang='lat' dir='ltr'><strong>consentientis</strong></span> 
     </span>
     <span class='ocr_line' id='line_1_18' title="bbox 491 2247 1500 2314; baseline -0.004 -1"><span class='ocrx_word' id='word_1_117' title='bbox 491 2247 581 2314; x_wconf 90' lang='lat' dir='ltr'><strong>inito</strong></span> <span class='ocrx_word' id='word_1_118' title='bbox 592 2295 1365 2313; x_wconf 92' lang='grc'><strong>..............</strong></span> <span class='ocrx_word' id='word_1_119' title='bbox 1415 2272 1430 2304; x_wconf 76' lang='lat' dir='ltr'><strong>n</strong></span> <span class='ocrx_word' id='word_1_120' title='bbox 1493 2249 1500 2266; x_wconf 86' lang='grc'>’</span> 
     </span>
     <span class='ocr_line' id='line_1_19' title="bbox 356 2352 582 2419; baseline -0.004 0"><span class='ocrx_word' id='word_1_121' title='bbox 356 2352 582 2419; x_wconf 76' lang='lat' dir='ltr'><strong>Anouunurrn</strong></span> 
     </span>
     <span class='ocr_line' id='line_1_20' title="bbox 446 2456 1434 2546; baseline -0.002 -20"><span class='ocrx_word' id='word_1_122' title='bbox 446 2463 494 2526; x_wconf 87' lang='lat' dir='ltr'><strong>Dc</strong></span> <span class='ocrx_word' id='word_1_123' title='bbox 518 2456 736 2526; x_wconf 89' lang='lat' dir='ltr'><strong>matrimonii</strong></span> <span class='ocrx_word' id='word_1_124' title='bbox 769 2458 889 2526; x_wconf 87' lang='lat' dir='ltr'><strong>valore</strong></span> <span class='ocrx_word' id='word_1_125' title='bbox 913 2458 950 2526; x_wconf 96' lang='lat' dir='ltr'><strong>in</strong></span> <span class='ocrx_word' id='word_1_126' title='bbox 975 2457 1096 2525; x_wconf 94' lang='lat' dir='ltr'><strong>ordinc</strong></span> <span class='ocrx_word' id='word_1_127' title='bbox 1120 2457 1164 2524; x_wconf 89' lang='lat' dir='ltr'><strong>ad</strong></span> <span class='ocrx_word' id='word_1_128' title='bbox 1194 2461 1336 2546; x_wconf 90' lang='lat' dir='ltr'><strong>raptum</strong></span> <span class='ocrx_word' id='word_1_129' title='bbox 1360 2477 1434 2524; x_wconf 93' lang='lat' dir='ltr'><strong>mu-</strong></span> 
     </span>
     <span class='ocr_line' id='line_1_21' title="bbox 490 2561 1522 2653; baseline -0.004 -19"><span class='ocrx_word' id='word_1_130' title='bbox 490 2566 586 2634; x_wconf 92' lang='lat' dir='ltr'><strong>lieris</strong></span> <span class='ocrx_word' id='word_1_131' title='bbox 610 2565 729 2653; x_wconf 90' lang='lat' dir='ltr'><strong>raptui</strong></span> <span class='ocrx_word' id='word_1_132' title='bbox 754 2563 1013 2633; x_wconf 86' lang='lat' dir='ltr'><strong>consentientis</strong></span> <span class='ocrx_word' id='word_1_133' title='bbox 1062 2592 1429 2630; x_wconf 72' lang='lat'><strong>.......</strong></span> <span class='ocrx_word' id='word_1_134' title='bbox 1473 2561 1522 2630; x_wconf 91' lang='lat' dir='ltr'><strong>ib.</strong></span> 
     </span>
     <span class='ocr_line' id='line_1_22' title="bbox 447 2669 1436 2761; baseline -0.004 -21"><span class='ocrx_word' id='word_1_135' title='bbox 447 2673 482 2761; x_wconf 87' lang='lat' dir='ltr'><strong>o)</strong></span> <span class='ocrx_word' id='word_1_136' title='bbox 509 2675 661 2760; x_wconf 86' lang='lat' dir='ltr'><strong>Raptum</strong></span> <span class='ocrx_word' id='word_1_137' title='bbox 696 2671 756 2759; x_wconf 90' lang='lat' dir='ltr'><strong>qui</strong></span> <span class='ocrx_word' id='word_1_138' title='bbox 789 2669 893 2738; x_wconf 88' lang='lat' dir='ltr'><strong>cadat</strong></span> <span class='ocrx_word' id='word_1_139' title='bbox 924 2669 989 2737; x_wconf 92' lang='lat' dir='ltr'><strong>sub</strong></span> <span class='ocrx_word' id='word_1_140' title='bbox 1020 2669 1164 2738; x_wconf 86' lang='lat' dir='ltr'><strong>Concilii</strong></span> <span class='ocrx_word' id='word_1_141' title='bbox 1194 2669 1336 2736; x_wconf 91' lang='lat' dir='ltr'><strong>dccrcto</strong></span> <span class='ocrx_word' id='word_1_142' title='bbox 1366 2688 1436 2737; x_wconf 94' lang='lat' dir='ltr'><strong>non</strong></span> 
     </span>
     <span class='ocr_line' id='line_1_23' title="bbox 454 2773 1437 2866; baseline -0.003 -21"><span class='ocrx_word' id='word_1_143' title='bbox 454 2811 458 2822; x_wconf 73' lang='lat'><em>,</em></span> <span class='ocrx_word' id='word_1_144' title='bbox 491 2777 612 2846; x_wconf 86' lang='lat' dir='ltr'><strong>haberi</strong></span> <span class='ocrx_word' id='word_1_145' title='bbox 636 2775 775 2866; x_wconf 87' lang='lat' dir='ltr'><strong>quando</strong></span> <span class='ocrx_word' id='word_1_146' title='bbox 791 2781 932 2864; x_wconf 88' lang='lat' dir='ltr'><strong>raptum</strong></span> <span class='ocrx_word' id='word_1_147' title='bbox 954 2775 1169 2864; x_wconf 87' lang='lat' dir='ltr'><strong>praecedunt</strong></span> <span class='ocrx_word' id='word_1_148' title='bbox 1185 2773 1437 2843; x_wconf 86' lang='lat' dir='ltr'><strong>concludentes</strong></span> 
     </span>
     <span class='ocr_line' id='line_1_24' title="bbox 491 2881 1527 2950; baseline -0.006 0"><span class='ocrx_word' id='word_1_149' title='bbox 491 2883 533 2950; x_wconf 86' lang='lat' dir='ltr'><strong>dc</strong></span> <span class='ocrx_word' id='word_1_150' title='bbox 557 2881 785 2950; x_wconf 77' lang='lat' dir='ltr'><strong>matrimonio</strong></span> <span class='ocrx_word' id='word_1_151' title='bbox 811 2881 963 2949; x_wconf 92' lang='lat' dir='ltr'><strong>ineundo</strong></span> <span class='ocrx_word' id='word_1_152' title='bbox 988 2885 1191 2948; x_wconf 87' lang='lat' dir='ltr'><strong>tractatus.</strong></span> <span class='ocrx_word' id='word_1_153' title='bbox 1244 2929 1250 2946; x_wconf 94' lang='lat'><strong><em>.</em></strong></span> <span class='ocrx_word' id='word_1_154' title='bbox 1302 2929 1311 2946; x_wconf 91' lang='lat'><strong>.</strong></span> <span class='ocrx_word' id='word_1_155' title='bbox 1361 2932 1368 2946; x_wconf 91' lang='lat'>.</span> <span class='ocrx_word' id='word_1_156' title='bbox 1418 2884 1527 2946; x_wconf 69' lang='lat'><strong>„355</strong></span> 
     </span>
     <span class='ocr_line' id='line_1_25' title="bbox 449 2985 1437 3077; baseline -0.005 -20"><span class='ocrx_word' id='word_1_157' title='bbox 449 2991 479 3077; x_wconf 83' lang='lat' dir='ltr'><strong>d)</strong></span> <span class='ocrx_word' id='word_1_158' title='bbox 507 2992 584 3056; x_wconf 91' lang='lat' dir='ltr'><strong>Non</strong></span> <span class='ocrx_word' id='word_1_159' title='bbox 608 2988 729 3056; x_wconf 88' lang='lat' dir='ltr'><strong>adesso</strong></span> <span class='ocrx_word' id='word_1_160' title='bbox 754 2993 909 3077; x_wconf 90' lang='lat' dir='ltr'><strong>raptum,</strong></span> <span class='ocrx_word' id='word_1_161' title='bbox 929 2986 989 3056; x_wconf 90' lang='lat' dir='ltr'><strong>scd</strong></span> <span class='ocrx_word' id='word_1_162' title='bbox 1004 2985 1123 3075; x_wconf 87' lang='lat' dir='ltr'><strong>potius</strong></span> <span class='ocrx_word' id='word_1_163' title='bbox 1146 2985 1437 3054; x_wconf 87' lang='lat' dir='ltr'><strong>contrahentium</strong></span> 
     </span>
     <span class='ocr_line' id='line_1_26' title="bbox 493 3091 1437 3184; baseline -0.002 -22"><span class='ocrx_word' id='word_1_164' title='bbox 493 3095 611 3184; x_wconf 81' lang='lat' dir='ltr'><strong>lugam</strong></span> <span class='ocrx_word' id='word_1_165' title='bbox 635 3095 678 3163; x_wconf 90' lang='lat' dir='ltr'><strong>ad</strong></span> <span class='ocrx_word' id='word_1_166' title='bbox 703 3093 846 3182; x_wconf 90' lang='lat' dir='ltr'><strong>nuptias</strong></span> <span class='ocrx_word' id='word_1_167' title='bbox 869 3092 1108 3165; x_wconf 88' lang='lat' dir='ltr'><strong>conciliandas</strong></span> <span class='ocrx_word' id='word_1_168' title='bbox 1130 3093 1160 3160; x_wconf 92' lang='lat' dir='ltr'><strong>si</strong></span> <span class='ocrx_word' id='word_1_169' title='bbox 1180 3092 1237 3162; x_wconf 85' lang='lat' dir='ltr'><strong>rir</strong></span> <span class='ocrx_word' id='word_1_170' title='bbox 1260 3093 1336 3160; x_wconf 90' lang='lat' dir='ltr'><strong>sine</strong></span> <span class='ocrx_word' id='word_1_171' title='bbox 1359 3091 1437 3160; x_wconf 94' lang='lat' dir='ltr'><strong>dolo</strong></span> 
     </span>
     <span class='ocr_line' id='line_1_27' title="bbox 493 3195 1437 3285; baseline -0.005 -16"><span class='ocrx_word' id='word_1_172' title='bbox 493 3201 677 3269; x_wconf 91' lang='lat' dir='ltr'><strong>mulierem</strong></span> <span class='ocrx_word' id='word_1_173' title='bbox 702 3219 746 3266; x_wconf 87' lang='lat' dir='ltr'><strong>ex</strong></span> <span class='ocrx_word' id='word_1_174' title='bbox 770 3199 934 3268; x_wconf 88' lang='lat' dir='ltr'><strong>condicto</strong></span> <span class='ocrx_word' id='word_1_175' title='bbox 967 3197 1119 3266; x_wconf 88' lang='lat' dir='ltr'><strong>abducat</strong></span> <span class='ocrx_word' id='word_1_176' title='bbox 1144 3217 1184 3264; x_wconf 90' lang='lat' dir='ltr'><strong>ca</strong></span> <span class='ocrx_word' id='word_1_177' title='bbox 1217 3216 1321 3264; x_wconf 88' lang='lat' dir='ltr'><strong>causa</strong></span> <span class='ocrx_word' id='word_1_178' title='bbox 1345 3195 1437 3285; x_wconf 87' lang='lat' dir='ltr'><strong>quod</strong></span> 
     </span>
     <span class='ocr_line' id='line_1_28' title="bbox 494 3303 1436 3394; baseline -0.003 -20"><span class='ocrx_word' id='word_1_179' title='bbox 494 3312 674 3376; x_wconf 80' lang='lat' dir='ltr'><strong>tractatus</strong></span> <span class='ocrx_word' id='word_1_180' title='bbox 698 3307 740 3374; x_wconf 93' lang='lat' dir='ltr'><strong>dc</strong></span> <span class='ocrx_word' id='word_1_181' title='bbox 764 3307 993 3376; x_wconf 87' lang='lat' dir='ltr'><strong>matrimonio</strong></span> <span class='ocrx_word' id='word_1_182' title='bbox 1017 3326 1060 3372; x_wconf 83' lang='lat' dir='ltr'><strong>cx</strong></span> <span class='ocrx_word' id='word_1_183' title='bbox 1083 3309 1272 3394; x_wconf 86' lang='lat' dir='ltr'><strong>parentum</strong></span> <span class='ocrx_word' id='word_1_184' title='bbox 1302 3303 1436 3392; x_wconf 91' lang='lat' dir='ltr'><strong>opposi-</strong></span> 
     </span>
     <span class='ocr_line' id='line_1_29' title="bbox 496 3413 1527 3501; baseline -0.007 -20"><span class='ocrx_word' id='word_1_185' title='bbox 496 3415 594 3482; x_wconf 86' lang='lat' dir='ltr'><strong>tione</strong></span> <span class='ocrx_word' id='word_1_186' title='bbox 618 3413 778 3482; x_wconf 91' lang='lat' dir='ltr'><strong>concludi</strong></span> <span class='ocrx_word' id='word_1_187' title='bbox 804 3413 1033 3501; x_wconf 75' lang='lat' dir='ltr'><strong>nequiuerint</strong></span> <span class='ocrx_word' id='word_1_188' title='bbox 1068 3436 1435 3478; x_wconf 79' lang='lat'><strong>.......</strong></span> <span class='ocrx_word' id='word_1_189' title='bbox 1463 3413 1527 3474; x_wconf 79' lang='lat'><strong>357</strong></span> 
     </span>
     <span class='ocr_line' id='line_1_30' title="bbox 450 3517 1437 3610; baseline -0.004 -22"><span class='ocrx_word' id='word_1_190' title='bbox 450 3522 481 3610; x_wconf 79' lang='lat' dir='ltr'><strong>c)</strong></span> <span class='ocrx_word' id='word_1_191' title='bbox 507 3525 627 3610; x_wconf 89' lang='lat' dir='ltr'><strong>Neque</strong></span> <span class='ocrx_word' id='word_1_192' title='bbox 651 3525 794 3608; x_wconf 86' lang='lat' dir='ltr'><strong>raptum</strong></span> <span class='ocrx_word' id='word_1_193' title='bbox 817 3519 939 3587; x_wconf 86' lang='lat' dir='ltr'><strong>lraberi</strong></span> <span class='ocrx_word' id='word_1_194' title='bbox 964 3519 1023 3588; x_wconf 92' lang='lat' dir='ltr'><strong>sed</strong></span> <span class='ocrx_word' id='word_1_195' title='bbox 1048 3517 1165 3606; x_wconf 78' lang='lat' dir='ltr'><strong>lugam</strong></span> <span class='ocrx_word' id='word_1_196' title='bbox 1190 3517 1233 3586; x_wconf 87' lang='lat' dir='ltr'><strong>ad</strong></span> <span class='ocrx_word' id='word_1_197' title='bbox 1262 3517 1437 3584; x_wconf 83' lang='lat' dir='ltr'><strong>matrimo-</strong></span> 
     </span>
     <span class='ocr_line' id='line_1_31' title="bbox 495 3621 1440 3695; baseline -0.007 -1"><span class='ocrx_word' id='word_1_198' title='bbox 495 3627 593 3695; x_wconf 94' lang='lat' dir='ltr'><strong>nium</strong></span> <span class='ocrx_word' id='word_1_199' title='bbox 618 3625 764 3694; x_wconf 93' lang='lat' dir='ltr'><strong>libcrius</strong></span> <span class='ocrx_word' id='word_1_200' title='bbox 787 3625 1067 3694; x_wconf 88' lang='lat' dir='ltr'><strong>contrahendum</strong></span> <span class='ocrx_word' id='word_1_201' title='bbox 1082 3626 1108 3692; x_wconf 91' lang='lat' dir='ltr'><strong>si</strong></span> <span class='ocrx_word' id='word_1_202' title='bbox 1125 3643 1193 3692; x_wconf 91' lang='lat' dir='ltr'><strong>non</strong></span> <span class='ocrx_word' id='word_1_203' title='bbox 1218 3623 1273 3692; x_wconf 83' lang='lat' dir='ltr'><strong>rir</strong></span> <span class='ocrx_word' id='word_1_204' title='bbox 1290 3621 1349 3690; x_wconf 91' lang='lat' dir='ltr'><strong>sed</strong></span> <span class='ocrx_word' id='word_1_205' title='bbox 1366 3639 1440 3688; x_wconf 92' lang='lat' dir='ltr'><strong>mu-</strong></span> 
     </span>
     <span class='ocr_line' id='line_1_32' title="bbox 493 3727 1524 3814; baseline -0.008 -14"><span class='ocrx_word' id='word_1_206' title='bbox 493 3733 558 3800; x_wconf 88' lang='grc'>1144</span> <span class='ocrx_word' id='word_1_207' title='bbox 574 3731 691 3802; x_wconf 87' lang='lat' dir='ltr'><strong>virum</strong></span> <span class='ocrx_word' id='word_1_208' title='bbox 709 3730 970 3814; x_wconf 79' lang='lat' dir='ltr'><strong>sollicitaverit,</strong></span> <span class='ocrx_word' id='word_1_209' title='bbox 989 3735 1031 3799; x_wconf 93' lang='lat' dir='ltr'><strong>ut</strong></span> <span class='ocrx_word' id='word_1_210' title='bbox 1044 3727 1089 3798; x_wconf 84' lang='lat' dir='ltr'><strong>ab</strong></span> <span class='ocrx_word' id='word_1_211' title='bbox 1104 3749 1146 3796; x_wconf 95' lang='lat' dir='ltr'><strong>eo</strong></span> <span class='ocrx_word' id='word_1_212' title='bbox 1163 3728 1399 3797; x_wconf 89' lang='lat' dir='ltr'><strong>abduccretur</strong></span> <span class='ocrx_word' id='word_1_213' title='bbox 1416 3753 1432 3788; x_wconf 76' lang='lat' dir='ltr'><strong>n</strong></span> <span class='ocrx_word' id='word_1_214' title='bbox 1460 3730 1524 3793; x_wconf 85' lang='grc'>361</span> 
     </span>
     <span class='ocr_line' id='line_1_33' title="bbox 453 3832 1440 3926; baseline -0.009 -18"><span class='ocrx_word' id='word_1_215' title='bbox 453 3839 490 3926; x_wconf 82' lang='grc'><strong>41)</strong></span> <span class='ocrx_word' id='word_1_216' title='bbox 518 3841 646 3907; x_wconf 90' lang='lat' dir='ltr'><strong>Contra</strong></span> <span class='ocrx_word' id='word_1_217' title='bbox 670 3858 755 3907; x_wconf 75' lang='lat' dir='ltr'><strong>uero</strong></span> <span class='ocrx_word' id='word_1_218' title='bbox 784 3843 908 3925; x_wconf 87' lang='lat' dir='ltr'><strong>raptus</strong></span> <span class='ocrx_word' id='word_1_219' title='bbox 938 3835 1228 3926; x_wconf 84' lang='lat' dir='ltr'><strong>impedimentum</strong></span> <span class='ocrx_word' id='word_1_220' title='bbox 1258 3832 1379 3903; x_wconf 86' lang='lat' dir='ltr'><strong>haberi</strong></span> <span class='ocrx_word' id='word_1_221' title='bbox 1412 3832 1440 3900; x_wconf 91' lang='lat' dir='ltr'><strong>si</strong></span> 
     </span>
     <span class='ocr_line' id='line_1_34' title="bbox 498 3937 1440 4015; baseline -0.011 0"><span class='ocrx_word' id='word_1_222' title='bbox 498 3947 626 4015; x_wconf 93' lang='lat' dir='ltr'><strong>mulier</strong></span> <span class='ocrx_word' id='word_1_223' title='bbox 650 3945 787 4015; x_wconf 91' lang='lat' dir='ltr'><strong>insidiis</strong></span> <span class='ocrx_word' id='word_1_224' title='bbox 811 3951 848 4012; x_wconf 94' lang='lat' dir='ltr'><strong>ct</strong></span> <span class='ocrx_word' id='word_1_225' title='bbox 871 3944 1000 4012; x_wconf 88' lang='lat' dir='ltr'><strong>dolosis</strong></span> <span class='ocrx_word' id='word_1_226' title='bbox 1028 3940 1342 4012; x_wconf 88' lang='lat' dir='ltr'><strong>sollicitationibus</strong></span> <span class='ocrx_word' id='word_1_227' title='bbox 1369 3937 1440 4008; x_wconf 80' lang='lat' dir='ltr'><strong>viri</strong></span> 
     </span>
     <span class='ocr_line' id='line_1_35' title="bbox 495 4043 1439 4138; baseline -0.011 -18"><span class='ocrx_word' id='word_1_228' title='bbox 495 4052 704 4121; x_wconf 87' lang='lat' dir='ltr'><strong>meditantis</strong></span> <span class='ocrx_word' id='word_1_229' title='bbox 727 4051 887 4138; x_wconf 86' lang='lat' dir='ltr'><strong>rapinam</strong></span> <span class='ocrx_word' id='word_1_230' title='bbox 920 4048 1130 4131; x_wconf 88' lang='lat' dir='ltr'><strong>abducatur,</strong></span> <span class='ocrx_word' id='word_1_231' title='bbox 1157 4052 1197 4115; x_wconf 90' lang='lat' dir='ltr'><strong>ut</strong></span> <span class='ocrx_word' id='word_1_232' title='bbox 1225 4043 1350 4113; x_wconf 90' lang='lat' dir='ltr'><strong>deinde</strong></span> <span class='ocrx_word' id='word_1_233' title='bbox 1374 4043 1439 4112; x_wconf 89' lang='lat' dir='ltr'><strong>sub</strong></span> 
     </span>
     <span class='ocr_line' id='line_1_36' title="bbox 494 4151 1440 4247; baseline -0.007 -21"><span class='ocrx_word' id='word_1_234' title='bbox 494 4159 649 4247; x_wconf 91' lang='lat' dir='ltr'><strong>raptoris</strong></span> <span class='ocrx_word' id='word_1_235' title='bbox 673 4158 809 4226; x_wconf 84' lang='lat' dir='ltr'><strong>inlluxu</strong></span> <span class='ocrx_word' id='word_1_236' title='bbox 826 4157 862 4224; x_wconf 94' lang='lat' dir='ltr'><strong>in</strong></span> <span class='ocrx_word' id='word_1_237' title='bbox 880 4156 1147 4224; x_wconf 87' lang='lat' dir='ltr'><strong>matrimonium</strong></span> <span class='ocrx_word' id='word_1_238' title='bbox 1165 4151 1369 4220; x_wconf 84' lang='lat' dir='ltr'><strong>consentire</strong></span> <span class='ocrx_word' id='word_1_239' title='bbox 1385 4170 1440 4219; x_wconf 92' lang='lat' dir='ltr'><strong>co·</strong></span> 
     </span>
     <span class='ocr_line' id='line_1_37' title="bbox 496 4260 1528 4353; baseline -0.011 -20"><span class='ocrx_word' id='word_1_240' title='bbox 496 4271 601 4353; x_wconf 72' lang='lat' dir='ltr'><strong>gutur</strong></span> <span class='ocrx_word' id='word_1_241' title='bbox 605 4304 1371 4331; x_wconf 89' lang='grc'><strong>..............</strong></span> <span class='ocrx_word' id='word_1_242' title='bbox 1421 4283 1436 4320; x_wconf 80' lang='lat' dir='ltr'><strong>o</strong></span> <span class='ocrx_word' id='word_1_243' title='bbox 1465 4260 1528 4323; x_wconf 80' lang='lat'><strong>363</strong></span> 
     </span>
    </p>
   </div>
   <div class='ocr_carea' id='block_1_2' title="bbox 0 0 1751 5298">
    <p class='ocr_par' dir='ltr' id='par_1_2' title="bbox 0 0 1751 5298">
     <span class='ocr_line' id='line_1_38' title="bbox 0 0 1751 5298; baseline 0 0"><span class='ocrx_word' id='word_1_244' title='bbox 0 0 1751 5298; x_wconf 95' lang='lat' dir='ltr'><strong> </strong></span> 
     </span>
    </p>
   </div>
  </div>
 </body>
</html>
