3456 5300
700 403 854 466 ..51-

193 563 257 642 per
295 563 372 616 eam
414 539 581 640 coniuges
622 537 714 616 bunt
755 560 827 613 una
868 561 948 616 caro
977 552 1013 616 et
1054 563 1148 616 unus
1190 537 1355 640 sangnis.

196 663 303 768 Atqui
332 675 367 741 et
394 687 459 768 per
495 661 655 740 illicitam
691 661 853 765 copulam
892 659 1134 755 lornicantcS‚
1166 661 1347 756 adulteri,

193 787 387 866 incestuosi
416 811 529 890 aeque
558 785 648 864 fiunt
676 811 747 863 una
776 810 880 880 caro,
912 783 1051 864 dicente
1082 785 1247 890 Apostolo
1278 787 1357 890 (liz

197 909 267 1000 Qui
303 909 472 989 adhaeret
507 908 686 988 meretrici
723 909 874 1014 (scilicet
911 934 974 1014 ρετ
1002 909 1182 1016 εερεΙετττ)
1212 911 1361 1016 efficitur

197 1061 308 1112 anam
336 1061 461 1140 carpas
491 1033 564 1138 (i).
596 1039 726 1112 Verum
754 1033 814 1112 alii
839 1049 998 1138 negant,
1031 1035 1197 1114 naturale
1240 1039 1359 1117 enasci

194 1158 384 1238 affinitatis
404 1158 586 1236 uinculum
606 1183 649 1234 εττ
668 1155 799 1234 illicita
819 1157 945 1262 copula
965 1158 981 1264 (
1009 1155 1039 1263 ).

278 1283 383 1362 Hisce
412 1281 552 1388 positiS,
584 1281 673 1360 baec
700 1279 891 1360 statuenda
920 1295 1004 1360 sunt
1032 1283 1221 1389 principia:

281 1415 317 1484 l.
351 1405 541 1484 Primam:
570 1403 734 1483 Affinitas
763 1429 833 1482 non
861 1403 1084 1483 contrahitur
1113 1407 1181 1484 nisi
1210 1433 1274 1513 per
1302 1433 1362 1486 co-

198 1531 319 1636 pulam
344 1533 541 1636 perfactam
569 1543 604 1612 et
632 1541 927 1624 consummatam,
959 1554 1022 1608 seu
1051 1531 1158 1610 talem
1186 1557 1278 1638 quae
1304 1557 1368 1638 per

200 1679 239 1732 se
267 1669 353 1760 apta
382 1655 429 1733 sit
448 1654 684 1760 generationi,
715 1679 826 1758 quum
853 1679 916 1758 per
943 1653 1115 1732 eiusmodi
1145 1668 1285 1736 tantum
1305 1682 1365 1734 co-

201 1781 321 1884 pulam
351 1780 468 1859 viret
505 1778 632 1858 mulier
673 1775 761 1856 fiant
802 1803 873 1856 una
916 1803 1024 1872 caro,
1070 1778 1164 1856 unde
1207 1779 1365 1858 affinitas

197 1906 316 1983 oritur
346 1903 420 2009 (l).

284 2037 320 2106 5.
353 2027 587 2106 Consentiunt
616 2039 735 2106 autem
764 2029 837 2103 nli.
871 2026 907 2102 in
936 2025 1097 2128 neganda
1126 2027 1301 2107 affinitate
1339 2031 1370 2106 si

199 2151 277 2229 sola
307 2150 436 2229 [emina
465 2150 712 2246 seminaverit;
745 2149 963 2228 dissentiunt
992 2161 1110 2228 autem
1147 2177 1192 2228 an
1231 2150 1369 2229 oriatur

205 2275 360 2354 affinitas
399 2275 429 2353 si
468 2274 696 2354 seminaverit
742 2275 838 2352 solus
875 2275 942 2352 vir.
961 2274 1108 2353 -Cuius
1145 2277 1370 2379 quaestionis

203 2399 335 2478 solutio
363 2397 540 2505 dependet
569 2425 613 2476 ex
642 2424 697 2492 eo,
742 2413 783 2478 ut
824 2398 1016 2478 definiatur
1057 2425 1143 2478 num
1190 2401 1263 2478 sola
1302 2401 1369 2479 viri

206 2525 392 2603 seminatio
421 2525 515 2602 inira
546 2549 607 2601 vas
627 2521 844 2602 ordinarium
865 2525 1018 2602 sufficiat
1039 2525 1083 2602 ad
1104 2528 1370 2628 generationem

205 2649 333 2754 prolis;
365 2674 412 2725 an
443 2673 523 2726 vero
551 2647 597 2725 ad
626 2673 703 2726 eam
730 2647 838 2726 etiam
876 2647 1028 2728 leminae
1065 2649 1271 2754 requiratur
1314 2676 1371 2730 se-

207 2771 367 2850 minatio.
400 2772 623 2850 Communiar
651 2796 755 2876 porro
783 2771 1000 2849 medicorum
1029 2773 1208 2851 sententia
1242 2785 1369 2870 tenet,

207 2895 356 3000 primam
385 2895 565 2990 sufficere3
606 2893 666 2972 alii
703 2907 822 2972 autem
859 2919 931 2972 non
967 2895 1250 2999 improbabiliter
1292 2922 1375 2975 sen·

209 3019 318 3115 tiunt,
350 3021 483 3125 requiri
504 3023 612 3098 etiam
631 3019 781 3097 feminae
801 3021 1084 3099 seminationem.
1104 3025 1259 3100 Sanctus
1281 3021 1376 3100 Tho-

207 3153 282 3221 ma's
311 3143 451 3221 illorum
480 3143 696 3246 suffragatur
724 3146 923 3222 sententiae
953 3145 1015 3248 qui
1044 3143 1089 3221 ad
1130 3145 1372 3241 affinitatem,

208 3268 264 3346 ati
291 3267 515 3347 matrimonii
556 3267 873 3373 impedimentum,
916 3267 1189 3348 decernendam
1224 3270 1375 3372 exigunt

206 3409 327 3475 actum
355 3398 524 3499 utrinque
554 3393 750 3499 perlectum
779 3391 852 3498 (5).
872 3397 1073 3474 -Ceterum
1107 3421 1217 3499 quum
1249 3409 1376 3498 agatur

284 3639 321 3712 (l)
341 3643 364 3694 Ι.
386 3641 449 3694 Cor.
471 3645 497 3693 6.

283 3728 317 3797 li]
339 3727 497 3784 Leurenins
512 3726 564 3784 tta.
586 3733 610 3782 t.
633 3731 680 3785 tit.
702 3735 744 3784 tt.
765 3733 878 3802 quaesi.
899 3735 961 3786 229.
981 3747 1013 3787 a.
1036 3736 1059 3786 t.

284 3817 318 3888 (3)
338 3817 463 3873 Sancbez
484 3815 535 3872 tio.
556 3819 582 3872 7.
603 3816 679 3888 disp.
699 3824 744 3874 65.
766 3835 796 3874 a.
818 3825 844 3874 9.
859 3826 918 3875 -et
937 3833 1046 3876 comeo
1063 3821 1100 3876 De
1120 3823 1208 3890 Lnga,
1229 3819 1376 3884 Gonzalez,

212 3909 360 3962 Navarrus
379 3903 496 3975 aliique.
509 3933 526 3941 -
540 3907 719 3962 consectaria
741 3920 825 3976 porro
844 3921 918 3978 quae
938 3921 974 3964 eu
993 3907 1046 3964 hac
1066 3907 1201 3964 oriuntur
1225 3907 1379 3964 sententia-

213 4007 278 4050 rum
297 3993 497 4064 probabilitate
516 4007 573 4063 quo
593 3993 629 4049 ad
649 3993 778 4052 infideles
798 3995 848 4066 qui
868 3995 903 4052 ad
924 3995 1009 4052 iidem
1022 3995 1153 4062 venium,
1168 3995 1235 4053 vide
1250 3995 1327 4066 apud
1340 3995 1378 4051 cl.

214 4084 347 4140 ballerini
368 4083 397 4140 in
418 4083 493 4142 notis
512 4083 548 4138 ad
561 4083 657 4140 Theoi.
680 4079 777 4140 lioral.
804 4087 889 4156 Gury,
911 4093 976 4142 nota
998 4085 1015 4140 b
1033 4084 1069 4141 ad
1088 4101 1119 4142 a.
1139 4091 1201 4142 815.
1228 4091 1317 4143 tract.
1348 4087 1383 4142 de

214 4169 350 4228 matrim.
950 4167 951 4172 ’

285 4260 321 4332 (4)
342 4259 468 4317 Sanchez
479 4259 531 4316 lib.
544 4265 570 4317 7.
580 4261 655 4332 disp.
667 4265 711 4316 di.
723 4275 753 4316 m.
765 4266 818 4318 eet
829 4275 904 4334 seqq.
913 4291 932 4300 —
944 4262 1062 4336 Pirbing
1073 4263 1125 4320 lib.
1136 4269 1162 4319 4.
1175 4265 1222 4321 iit.
1231 4255 1279 4320 'm
1292 4281 1324 4321 a.
1335 4269 1382 4321 22.

284 4347 322 4424 (5)
342 4351 390 4408 Cir
408 4353 435 4407 s.
457 4350 606 4421 Ligorium
629 4349 680 4406 lib.
700 4357 727 4406 6.
739 4365 771 4406 a.
788 4353 856 4407 icit
872 4359 900 4408 et
918 4368 949 4409 a.
966 4357 1033 4408 {056
1048 4353 1098 4410 ubi
1121 4355 1209 4411 verba
1223 4354 1310 4411 relert
1322 4354 1384 4411 diri

213 4438 347 4504 thomae,
369 4445 398 4496 et
416 4438 572 4508 concludit,
592 4445 744 4510 utramque
757 4439 917 4511 oppositam
932 4441 1100 4498 sententiam
1116 4455 1178 4500 esse
1192 4441 1383 4515 probabilem.
