3406 5302
877 443 995 504 -266
1020 477 1050 488 -

380 566 489 668 igitur
517 590 610 669 quae
638 565 682 643 ad
711 591 784 645 rem
813 569 1008 672 pertinent,
1040 567 1252 662 delibemuS,
1283 567 1399 646 media
1433 567 1543 647 veluti

381 689 438 767 via
471 689 689 783 incedentes,
727 717 770 770 ne
808 695 1057 794 quaestionum
1090 695 1189 772 tricis
1226 692 1401 772 inutiliter
1433 692 1546 771 invol-

382 839 521 892 vamur.

460 937 677 1043 Principium
706 940 870 1042 generale
898 953 952 1018 est
980 940 1075 1045 quod
1103 941 1280 1045 exemptio
1308 967 1328 1016 a
1356 941 1433 1016 iure
1453 963 1546 1016 com-

381 1064 479 1140 muni
508 1076 563 1140 est
592 1061 732 1150 localis,
762 1087 831 1140 oon
859 1063 1068 1168 personalis.
1109 1065 1176 1154 011
1204 1088 1287 1165 ergo
1320 1062 1405 1140 alibi
1434 1060 1548 1138 domi-

381 1185 501 1263 cilium
532 1184 681 1280 habent,
713 1187 952 1291 exemptione,
975 1189 1095 1292 siqua
1125 1185 1297 1290 gaudent,
1315 1187 1369 1264 nti
1388 1197 1547 1263 tantum-

379 1309 482 1388 modo
510 1323 660 1414 possunt
696 1309 866 1414 quamdiu
905 1336 946 1390 eo
992 1311 1027 1388 in
1062 1311 1136 1390 loco
1169 1323 1272 1404 sunt;
1312 1309 1373 1415 qui
1411 1311 1442 1386 si
1474 1308 1544 1386 alio
1657 1381 1658 1388 i

382 1434 614 1536 commigrant
641 1432 703 1511 ubi
731 1435 787 1511 ins
815 1459 998 1513 commune
1032 1435 1146 1537 viget,
1178 1435 1247 1512 iuri
1279 1434 1456 1512 communi
1485 1458 1547 1510 su-

353 1637 357 1648 ,
377 1556 587 1635 biiciuntur.
602 1561 754 1661 Insuper
773 1557 953 1662 quidquid
973 1557 1019 1636 sit
1038 1556 1082 1636 de
1098 1557 1238 1659 legibus
1257 1555 1351 1649 aliis,
1374 1555 1540 1660 quilibet,

378 1705 448 1757 non
478 1679 632 1758 exclusis
659 1681 870 1784 peregrinis,
902 1681 939 1759 in
967 1681 1117 1760 materia
1144 1693 1391 1758 contractuum
1434 1681 1542 1785 (quos

380 1804 474 1883 inter
501 1804 764 1882 matrimonium
802 1819 1024 1899 accensetur,
1061 1805 1144 1883 licet
1172 1803 1217 1881 ad
1250 1803 1461 1882 sacramenti
1490 1804 1544 1882 di-

383 1925 555 2028 gnitatem
583 1927 690 2006 luerit
706 1955 725 2004 a
742 1929 880 2006 Christo
910 1929 1057 2007 Domino
1077 1927 1255 2032 evectum)
1284 1925 1402 2032 quoad
1423 1951 1544 2006 eorum

301 2047 307 2064 '
380 2051 641 2130 solemnitatem
670 2065 838 2130 tenentur
866 2051 1075 2131 contrahere
1104 2053 1204 2132 iuxta
1232 2053 1345 2154 legem
1386 2063 1422 2128 et
1459 2075 1543 2128 con-

378 2176 604 2255 suetudinem
621 2175 669 2253 ibi
685 2189 883 2280 receptam3
906 2176 990 2280 quia
1007 2176 1144 2254 ratione
1163 2187 1367 2254 contractus
1386 2177 1543 2254 sortiun-

379 2313 439 2378 tur
466 2297 580 2377 lorum
608 2303 708 2377 iuxta
723 2298 750 2376 l.
769 2298 837 2376 olt.
857 2299 899 2377 dc
916 2299 996 2403 foro
1014 2311 1162 2404 compet.
1185 2297 1263 2377 etl.
1282 2297 1480 2402 uisendum
1498 2296 1539 2402 ff.

378 2422 419 2500 de
447 2423 636 2513 corotico.,·
665 2422 714 2500 ita
743 2436 784 2500 ut
811 2423 841 2499 si
870 2422 973 2500 aliter
1001 2422 1051 2500 ibi
1079 2423 1306 2515 contrahant,
1338 2433 1542 2499 contractus

378 2569 451 2622 non
479 2545 668 2639 subsistat,
699 2571 777 2623 cum
807 2571 847 2624 ea
876 2548 922 2624 sit
941 2547 978 2622 in
997 2569 1213 2650 unoquoque
1232 2545 1308 2622 loco
1328 2542 1437 2622 lorma
1457 2543 1543 2621 sub-

376 2670 557 2748 stantialis
594 2681 814 2764 contractus,
854 2693 947 2773 quae
983 2694 1047 2773 pro
1085 2669 1145 2746 illo
1177 2667 1449 2772 praescribitur.
1486 2671 1542 2746 lta

376 2791 533 2871 Sanchez
562 2791 650 2898 (tit.
684 2803 720 2871 3.
753 2791 847 2896 disp.
882 2800 943 2870 18.
977 2815 1013 2868 o.
1049 2789 1129 2896 10),
1161 2789 1392 2897 Pirhing(od
1411 2789 1474 2868 lib.
1500 2798 1537 2868 t.

375 2918 433 2994 tr't.
467 2927 504 2998 3.
535 2943 572 2995 o.
598 2917 678 3020 10),
711 2917 1024 3020 Schmalzgrueber
1053 2917 1145 3023 (aad.
1184 2916 1241 2995 ot.
1265 2921 1304 3017 ξ.
1330 2925 1367 2995 2.
1390 2941 1427 2992 a.
1449 2917 1540 3019 101)

374 3065 454 3120 cum
482 3041 675 3120 communi.

451 3173 515 3242 38.
547 3169 621 3242 Iam
649 3189 733 3242 vero
761 3165 930 3243 haeretici
958 3165 1081 3269 procul
1109 3163 1218 3242 dubio
1237 3161 1415 3241 Ecclesiae
1444 3161 1536 3264 legi-

373 3287 440 3364 bus
469 3287 731 3383 subiicinntur;
763 3287 871 3392 idque
899 3289 1103 3367 solemniter
1131 3287 1253 3366 docuit
1280 3287 1365 3364 Pius
1379 3289 1445 3364 Vll
1475 3287 1534 3364 lit·

372 3411 459 3489 teris
475 3412 552 3488 Etsi
565 3411 807 3516 fraternitatis
824 3411 1096 3516 archiepiscopo
1110 3412 1318 3514 Moguutino
1334 3411 1427 3489 datis
1437 3411 1496 3489 die
1511 3419 1533 3489 8

374 3533 490 3612 octob.
526 3543 641 3630 1803,
674 3533 736 3612 ubi
768 3537 836 3614 ait:
871 3533 975 3614 «Sed
1004 3535 1090 3640 quid
1119 3535 1307 3615 dicendum
1335 3534 1404 3612 erit
1431 3534 1475 3612 de
1495 3534 1538 3612 il·

374 3657 528 3734 ‹lorum
558 3658 752 3751 sententia,
783 3659 845 3763 qui
875 3673 1006 3762 putant
1035 3659 1233 3738 haereticos
1252 3657 1431 3736 Ecclesiae
1452 3657 1540 3760 legi·

373 3779 483 3860 ‹bus
511 3807 738 3886 nequaquam
767 3783 896 3860 subiici
925 3787 1020 3867 etot
1049 3783 1227 3862 Adversus
1260 3783 1356 3860 illam
1383 3781 1539 3860 clamant

373 3933 391 3977 a
415 3904 633 4008 Scripturae,
648 3906 818 4000 Concilia,
834 3906 992 3985 Traditio
1006 3907 1160 4012 denique
1175 3908 1357 3986 universa.
1372 3909 1537 3986 Omnium

373 4059 391 4102 ‹
416 4029 530 4108 instar
546 4031 592 4108 sit
620 4055 751 4109 sacros.
776 4029 926 4111 trident.
951 4033 1129 4139 Synodus,
1146 4057 1238 4138 qrrae
1258 4057 1347 4112 sess.
1373 4040 1436 4110 11.
1454 4042 1538 4127 ct,

373 4183 390 4225 ‹
415 4177 486 4230 non
500 4151 700 4257 baptizatos
718 4180 738 4231 a
755 4154 946 4259 baptizatis
974 4155 1297 4260 distinguens,illos
1318 4171 1456 4236 tantum
1473 4161 1535 4235 Ec·

372 4301 393 4348 r
415 4276 542 4354 clesiae
563 4277 707 4373 iudicio,
740 4277 960 4384 proindeque
980 4281 1118 4384 legibus
1133 4307 1204 4359 non
1219 4281 1346 4360 subiici
1366 4283 1532 4377 affirmat,

373 4413 492 4478 «cum
521 4401 679 4480 Ecclesia
710 4401 747 4479 in
778 4403 954 4484 neminem
983 4405 1154 4484 iudicium
1182 4419 1359 4503 exerceat,
1382 4407 1537 4512 quinon
