3424 5300
862 503 900 519 -
924 472 980 536 iet
1001 505 1039 520 -

364 596 464 676 nium
485 595 678 692 dirimunt;
710 598 812 702 atqui
833 599 871 676 in
889 599 1067 677 communi
1087 599 1179 690 iure,
1210 608 1381 700 tanquam
1401 595 1438 672 in
1458 595 1534 698 lege

362 720 585 826 Superioris,
608 720 735 826 nequit
753 721 913 816 inferior,
935 721 1053 827 qualis
1073 735 1128 800 est
1156 719 1352 826 Episcopus
1370 729 1534 824 respectu

361 849 478 951 Papae
506 845 562 923 rel
591 845 752 940 Consilii,
784 845 994 951 dispensare
1024 845 1094 924 nisi
1124 870 1169 924 er
1188 844 1417 922 concessione
1443 847 1534 921 don-

361 969 434 1048 cilii
463 969 639 1072 generalis
667 970 724 1048 rel
752 974 883 1076 Papae,
916 985 980 1050 aut
1007 995 1052 1049 er
1084 969 1242 1073 legitima
1257 967 1531 1047 consuetudine.

360 1092 546 1198 Episcopis
574 1107 695 1172 autem
723 1094 823 1173 nulla
851 1121 895 1174 err
925 1094 982 1172 his
1014 1091 1217 1174 rationibus
1236 1091 1452 1195 suffragatur
1470 1117 1534 1197 pro

361 1215 553 1294 asserendo
581 1217 651 1295 sibi
679 1217 863 1297 ordinario
891 1220 970 1298 iure
997 1215 1232 1324 dispensandi
1252 1215 1289 1293 in
1317 1215 1533 1320 quibusdam

360 1338 627 1445 impedimentis
642 1339 895 1420 dirimentibus
909 1342 1080 1448 publicis,
1103 1355 1145 1420 ut
1164 1365 1209 1418 ex
1228 1363 1410 1420 sacrarum
1427 1339 1533 1420 Urbis

361 1464 684 1566 Congregationum
721 1466 1001 1546 resolutionibus
1039 1493 1059 1544 a
1093 1464 1263 1568 Rigantio
1297 1463 1420 1543 relatis
1454 1464 1529 1570 l),

360 1600 398 1666 et
426 1587 591 1667 nutantis
624 1589 795 1670 futilitate
829 1589 1110 1675 consuetudinis,
1144 1589 1228 1668 olim
1261 1615 1281 1666 a
1315 1587 1531 1693 quibusdam

361 1713 556 1794 Galliarum
570 1715 755 1820 Episcopis
774 1741 814 1794 ac
833 1714 1045 1794 Doctoribus
1064 1713 1209 1807 allatae,
1232 1712 1357 1792 sedulo
1375 1737 1530 1817 expensa

359 1836 576 1915 Benedictus
604 1841 684 1916 XIV
704 1837 763 1944 (E)
783 1837 956 1918 ostendit.
979 1838 1064 1916 Pius
1085 1849 1204 1915 autern
1224 1839 1290 1913 VII
1315 1834 1530 1940 quibusdam

359 1960 555 2041 Galliarum
584 1961 849 2067 episcopalibus
877 1987 1085 2040 cencessum
1118 1958 1270 2038 Sedibus
1306 1959 1529 2064 privilegium

361 2083 595 2189 dispensandi
623 2087 661 2163 in
689 2085 954 2191 impedimentis
982 2082 1234 2163 dirimentibus
1265 2082 1407 2186 aliaque
1437 2085 1532 2162 eius-

361 2207 456 2286 modi
485 2207 671 2311 privilegia
700 2209 736 2288 in
756 2233 848 2288 nova
868 2209 1085 2288 dioecesium
1100 2205 1426 2309 circumscriptione
1444 2232 1530 2311 sup-

362 2330 493 2434 pressit
520 2329 595 2437 (3).
619 2375 643 2390 -
662 2331 755 2410 Hine
782 2357 883 2411 sacra
913 2331 1192 2412 Poenitentiaria
1226 2355 1349 2409 recens
1386 2343 1526 2433 rogata:

364 2483 383 2528 ‹
401 2457 530 2534 Utrum
546 2457 711 2561 Episcopi
726 2458 865 2560 possint
880 2456 997 2535 valide
1012 2456 1220 2562 dispensare
1235 2455 1282 2534 ab
1297 2455 1529 2562 impedimen-

364 2579 412 2658 tis
423 2580 639 2659 matrimonii
655 2580 732 2658 iure
747 2581 986 2660 ecclesiastico
1001 2581 1253 2660 dirimentibus
1263 2606 1342 2660 eum
1352 2582 1428 2660 suis
1443 2582 1529 2661 sub-

360 2701 445 2780 ditis
473 2703 568 2780 civili
599 2716 742 2782 tanturn
770 2703 912 2784 loedere
940 2705 1073 2784 iunctis
1105 2730 1216 2808 quum
1248 2729 1368 2784 eorum
1396 2704 1527 2809 aliquis

360 2827 412 2903 ita
440 2826 597 2928 graviter
617 2841 853 2929 aegrotatus
872 2829 1052 2908 inmortis
1072 2827 1224 2908 articulo
1244 2827 1303 2920 sit,
1328 2839 1364 2905 et
1384 2826 1528 2932 dispen-

359 2949 533 3027 sationem
561 2963 677 3054 petat,
700 2964 741 3029 ut
762 2951 1026 3030 matrimonium
1054 2975 1171 3030 coram
1199 2950 1355 3029 Ecclesia
1384 2949 1451 3029 rite
1471 2977 1528 3029 ee-

358 3071 498 3151 lebrare
526 3074 703 3168 valeat»,
735 3075 937 3180 respoudit:
972 3074 1137 3164 «Quoad
1171 3073 1423 3178 impedimenta
1457 3101 1528 3180 pn-

357 3194 466 3283 blira.
496 3198 711 3302 Episcopum
737 3197 946 3278 nullatenus
974 3199 1182 3305 dispensare
1209 3223 1313 3303 posse
1337 3229 1355 3272 s
1379 3199 1394 3304 (
1422 3201 1452 3304 ).

441 3329 478 3398 3.
501 3323 549 3398 Ut
559 3333 679 3398 autem
696 3319 837 3426 plenius
852 3321 1099 3426 intelligantur
1112 3347 1205 3427 quae
1221 3320 1433 3400 Benedictus
1447 3325 1525 3400 xlv

358 3442 504 3522 disserit
531 3443 576 3521 ad
605 3443 863 3548 profligandam
882 3447 1055 3525 rationem
1073 3471 1118 3524 en
1136 3445 1399 3533 consuetudine,
1419 3471 1525 3551 quam

359 3565 506 3670 quidam
520 3591 702 3646 sacrorum
716 3569 904 3648 Antistites
919 3569 1177 3674 praetexebant
1193 3569 1239 3647 ad
1254 3568 1322 3646 sibi
1341 3568 1524 3647 vindican-

358 3688 440 3768 dam
468 3689 673 3770 facultatem
698 3691 930 3797 dispensandi
949 3695 994 3773 ab
1013 3695 1276 3800 impedimentis
1303 3692 1518 3799 quibusdam

356 3813 622 3893 matrimonium
649 3815 915 3911 dirimentibus,
947 3819 1154 3897 recolendae
1184 3831 1268 3898 sunt
1293 3819 1522 3906 conditiones,

428 4019 466 4094 (ll
487 4025 655 4096 Rigantius:
677 4028 888 4086 commentia
909 4029 1008 4102 Requi.
1030 4029 1192 4087 cancellar.
1208 4037 1277 4088 tom.
1299 4037 1324 4086 t.
1340 4031 1374 4087 in
1388 4033 1467 4090 notis
1482 4032 1522 4090 nd

359 4109 454 4184 repul.
476 4115 521 4168 119.
540 4128 593 4171 nn.
615 4121 677 4173 i-2.
1002 4148 1005 4156 ·

429 4199 470 4277 (ἲ)
489 4201 658 4259 Benedictus
676 4203 737 4260 xlv
760 4205 794 4258 De
815 4205 930 4276 synodo
951 4205 1002 4262 lib.
1023 4211 1050 4262 9.
1070 4219 1133 4277 cop.
1155 4211 1180 4261 2.
1202 4221 1232 4262 n.
1253 4209 1279 4260 5.
1301 4211 1326 4262 et
1344 4221 1421 4279 seqq.

431 4287 467 4362 (3)
487 4291 554 4347 Pius
573 4293 625 4348 vn
644 4293 740 4348 Consi.
762 4293 817 4362 oni
837 4295 951 4352 Christi
970 4294 1090 4352 Domini
1109 4309 1156 4352 nn.
1178 4301 1256 4353 1802.

428 4375 468 4449 (4)
487 4379 645 4437 limerien.
666 4385 699 4436 ie
718 4397 789 4454 unp.
813 4385 889 4451 i872,
914 4384 1001 4441 relata
1022 4385 1052 4441 in
1071 4385 1242 4443 Femosien.
1273 4387 1465 4444 matrimonii
1487 4395 1521 4444 22

358 4465 422 4524 ion.
446 4471 524 4533 4881,
544 4467 573 4538 §-
591 4476 665 4542 pest.
687 4485 744 4530 cor,
766 4474 784 4527 S
816 4473 845 4528 C.
866 4472 984 4530 Concilli
1004 4488 1140 4545 expensa.
