3402 5292
868 507 904 518 -
928 471 987 534 eto
1009 501 1045 516 -

365 573 492 674 tentia
508 594 634 672 Curiae
662 589 875 696 episcopalis
903 588 941 666 in
970 585 1080 692 prima
1101 579 1275 660 instantia
1295 577 1434 684 prolata
1453 600 1539 655 oon·

367 715 540 796 lirmanda
558 715 612 793 rel
629 711 841 792 inlirmanda
856 711 905 791 sit
919 712 956 789 in
971 735 1071 801 oasa,
1090 705 1135 786 ad
1152 704 1187 783 rd
1205 701 1316 809 probe
1334 725 1377 780 an
1399 713 1539 778 mature

364 839 629 922 decernendum
657 837 810 916 maxime
839 861 880 914 ao
907 835 996 913 satis
1023 830 1184 912 eonlerre
1211 827 1369 920 videtur,
1400 827 1430 904 si
1451 824 1540 903 haee

364 969 437 1046 duo
464 967 502 1043 in
532 964 629 1042 hisee
659 963 779 1042 nausis
805 983 928 1038 saorae
948 956 1032 1036 haio
1051 949 1325 1058 Congregationi
1349 948 1538 1028 familiaria

364 1094 554 1172 diluantur

884 1245 1024 1322 numa

445 1471 477 1544 l.
510 1473 566 1543 An
594 1475 726 1544 constet
754 1461 797 1540 de
824 1457 990 1538 nullitate
1016 1455 1240 1535 matrimonii
1258 1454 1297 1532 in
1316 1477 1415 1532 eosu.
1438 1495 1463 1510 -
1483 1450 1539 1530 vel

446 1595 497 1670 11.
529 1596 584 1666 An
611 1587 659 1666 sit
677 1585 927 1666 consulendum
949 1590 1058 1660 SSmo
1073 1607 1142 1686 pro
1160 1580 1420 1686 dispensatione
1434 1601 1540 1682 super

364 1713 595 1795 matrimonio
622 1723 704 1790 roto
731 1721 766 1790 et
792 1735 861 1788 non
888 1719 1129 1788 consummato
1156 1709 1195 1785 in
1223 1731 1322 1784 oosn.

753 1995 977 2085 uniusne
1006 1995 1152 2070 Palma

505 2190 551 2264 ua
574 2187 729 2262 nullitate
749 2185 948 2262 matrimonii
969 2205 1011 2262 ax
1033 2181 1142 2280 nauita
1165 2186 1386 2278 impotmtna.

522 2299 556 2380 n)
580 2297 740 2375 Quaenam
762 2293 952 2386 inpotentia
971 2293 1212 2368 matrimonium
1235 2291 1379 2366 dirimat.

452 2555 512 2626 15.
545 2549 590 2623 Et
619 2558 660 2623 ut
680 2543 829 2650 aprimo
848 2541 957 2622 dubio
977 2544 1158 2649 incipiam,
1180 2544 1316 2625 scilieet
1345 2552 1437 2624 «dn
1453 2569 1538 2626 oon-

371 2683 443 2751 stet
476 2669 520 2747 de
554 2667 725 2754 nullitate
756 2668 971 2746 matrimonii
1005 2669 1041 2746 in
1075 2693 1161 2746 oasa
1185 2701 1202 2740 a
1223 2713 1248 2728 -
1268 2695 1346 2748 oum
1380 2695 1401 2746 a
1435 2671 1539 2748 Curia

367 2791 563 2900 episcopali
580 2791 730 2870 nullitas
745 2791 960 2870 matrimonii
978 2791 1013 2869 in
1030 2791 1187 2870 themate
1202 2793 1416 2896 proclamata
1432 2791 1540 2871 luerit

371 2946 412 2998 ex
443 2918 559 3022 eapite
588 2917 819 3022 impotentiae
839 2915 920 3010 viri,
944 2913 1197 3019 inquirendum
1217 2915 1342 2994 sedulo
1361 2929 1415 2996 est
1429 2941 1541 3020 quae-

370 3070 451 3122 nam
480 3040 690 3146 impotentia
720 3041 984 3118 matrimonium
1012 3038 1171 3132 dirimat,
1193 3055 1295 3120 etan
1317 3040 1399 3120 talis
1427 3041 1541 3144 impo-

368 3167 503 3248 tentiae
531 3166 619 3246 vitia
651 3164 756 3242 Caius
789 3163 940 3242 laboret.
974 3164 1188 3268 lmpotentia
1221 3167 1343 3270 itaque
1378 3167 1539 3268 generice

367 3304 526 3395 sumpta,
556 3303 612 3370 ast
640 3288 706 3368 viri
726 3314 768 3366 ao
786 3288 945 3368 mulieris
964 3287 1175 3368 inhabilitas
1193 3288 1239 3366 ad
1258 3290 1540 3394 procreationem

369 3414 494 3518 prolis,
525 3437 618 3517 qnae
646 3411 779 3516 duplex
808 3424 877 3506 est,
908 3413 1044 3491 soilioet
1080 3413 1289 3518 impotentia
1322 3413 1475 3492 ooeundi
1504 3423 1540 3490 et

370 3536 580 3642 impotentia
611 3533 818 3639 generandi,
854 3561 947 3640 quae
975 3537 1082 3614 etiam
1110 3536 1282 3616 sterilitas
1318 3536 1464 3630 dieitur,
1495 3536 1540 3616 de

369 3687 441 3767 qna
470 3659 561 3738 nihil
590 3658 626 3736 in
657 3661 835 3763 praesenti
863 3659 1086 3762 quaestione.
1109 3705 1134 3720 -
1153 3659 1368 3765 impotentia
1394 3659 1541 3738 coeundi
1686 3663 1687 3712 t

369 3798 426 3863 est
455 3783 666 3888 impotentia
695 3781 739 3861 ad
767 3783 946 3888 copulam,
978 3807 1041 3862 seu
1069 3782 1114 3860 ad
1131 3784 1391 3888 penetrandum
1413 3811 1474 3862 vas
1491 3783 1542 3862 le·

368 3907 524 3986 mineum
553 3906 661 3986 etad
691 3931 812 3986 semen
840 3907 934 3985 intra
963 3907 1050 3986 illud
1080 3907 1344 4002 maculandum,
1374 3909 1402 3986 si
1423 3923 1479 3988 est
1498 3933 1539 3990 ex
1685 3943 1686 3992 s

368 4045 471 4135 parte
500 4031 587 4128 viri3
618 4029 675 4108 vel
704 4028 750 4108 ad
778 4029 867 4108 illud
897 4030 1156 4136 recipiendum,
1178 4033 1338 4112 siester
1367 4047 1469 4138 parte
1492 4031 1541 4110 le·

368 4159 499 4250 minae‚
532 4155 629 4234 ande
659 4155 766 4234 maris
794 4167 831 4233 et
850 4155 1171 4236 leminaeoarnalis
1191 4157 1387 4236 commistio
1415 4155 1540 4236 haberi

368 4281 508 4384 nequit.
541 4283 638 4357 uase
666 4292 786 4358 antem
806 4278 1016 4383 impotentia
1035 4279 1188 4358 coeundi
1203 4281 1389 4386 multiplex
1411 4280 1542 4359 distin-

371 4403 508 4507 guitur,
540 4403 693 4482 soilioot:
725 4413 821 4482 certo
850 4401 905 4482 vel
933 4402 1058 4490 dubio,
1079 4417 1186 4509 prout
1203 4417 1260 4484 est
1278 4401 1466 4482 manifesta
1486 4401 1541 4480 vel
