3406 5302
664 439 703 456 -.
723 405 782 470 277
807 437 839 451 .-

168 529 206 604 S.
238 530 276 605 C.
308 531 346 606 C.
364 525 565 630 respondit:
589 533 809 612 Sententiam
824 557 895 612 asae
912 527 1210 635 confirmandam,
1237 528 1337 633 [asto

167 650 272 730 aerbo
298 674 377 730 cam
407 637 531 734 'SSmn

248 777 312 857 llic
344 790 385 860 11
419 784 502 863 maii
532 795 632 865 1872
662 785 751 864 haec
778 783 908 863 iterum
937 780 982 858 ad
1001 801 1151 859 enamou
1169 791 1335 858 revocata

164 895 233 978 init
260 925 382 998 causa,
412 918 448 984 et
476 923 646 988 consueto
673 909 855 1014 proposito
882 903 1010 984 dubio:
1030 909 1084 980 Aa
1103 903 1149 981 sit
1164 901 1333 980 standum

166 1023 224 1104 ool
249 1028 478 1110 recedendum
506 1059 530 1110 a
556 1032 696 1119 decisis,
726 1034 763 1110 S.
787 1034 825 1108 C.
856 1027 1059 1134 respondit:
1082 1033 1124 1104 In
1151 1025 1292 1106 decisis.

433 1405 781 1496 nnscnPnn'nro
812 1403 1063 1496 SECUNDA

516 1635 564 1717 lle
593 1635 796 1718 matrimonii
825 1635 978 1716 nnlldata

217 1777 260 1838 ar
287 1755 527 1859 impedimento
556 1760 865 1862 consanguinitatis
892 1759 980 1841 intur
1008 1757 1278 1840 aonanlantss.

520 1983 973 2042 ARGUMENTUM

244 2132 415 2238 Exposita
435 2147 593 2214 actorum
609 2136 714 2229 serie,
730 2136 943 2240 proponitur
956 2132 1134 2238 quaestio.
1153 2129 1206 2209 ld
1224 2152 1332 2234 quam

167 2255 399 2336 dirimendam
429 2257 582 2338 traditur
609 2261 648 2338 in
674 2261 753 2338 iare
771 2257 945 2364 praedicti
965 2255 1209 2362 impedimenti
1234 2253 1333 2335 notio

166 2407 207 2460 ac
233 2381 323 2461 iuris
342 2382 542 2488 dispositio;
563 2395 600 2462 et
618 2385 656 2462 in
675 2384 774 2489 sacto
792 2383 924 2489 duplex
948 2383 1198 2489 probationum
1219 2406 1333 2482 penus

166 2505 382 2602 instituitur,
413 2508 546 2612 quibus
573 2508 789 2602 ostenditur,
815 2509 954 2588 nullum
983 2533 1025 2588 ac
1052 2508 1192 2588 irritum
1220 2506 1332 2587 laissa

166 2631 430 2709 matrimonium
457 2632 496 2710 in
523 2633 695 2727 themate,
725 2632 877 2711 scilicet:

274 2761 308 2833 1·
336 2761 393 2832 Ec
417 2754 680 2860 parochialium
700 2755 858 2834 cumcurn
885 2753 1115 2842 anctoritate,
1145 2753 1209 2834 ubi
1227 2754 1332 2860 plura

165 2876 392 2958 disseruntur
419 2880 464 2958 de
480 2879 561 2958 vlide
589 2880 856 2984 parochialibus
882 2879 984 2958 libris
1012 2878 1230 2959 adhibenda.

125 2995 129 3003 ’
270 3007 309 3081 t·
336 3027 381 3080 ea
417 3001 645 3082 iudicialibus
683 3002 824 3083 testium
860 3001 1149 3108 depositionibus,
1187 2999 1250 3080 ubi
1287 2998 1332 3080 dc

16 3181 17 3186 ¹
165 3127 309 3206 testium
337 3128 511 3233 qualitate
539 3129 741 3224 disseritur,
772 3144 809 3210 ct
839 3129 995 3236 qualiter
1023 3130 1089 3208 hoc
1126 3128 1165 3206 in
1201 3151 1331 3230 genere

17 3581 18 3584 Ν
164 3497 276 3578 ditur.

165 3249 385 3372 probationis
413 3253 591 3358 deponere
619 3253 790 3335 debeant.
829 3285 835 3300 ·

243 3375 481 3482 apostolicam
508 3377 803 3484 dispensationem
831 3379 869 3456 in
896 3400 982 3455 casu
1010 3373 1182 3457 delenisse
1210 3384 1334 3452 osten·

718 3609 770 3686 11.

204 3779 249 3856 da
270 3781 467 3856 matrimonii
489 3779 641 3856 nullitate
657 3801 698 3856 on
721 3781 1024 3876 consanguinitatis
1047 3779 1283 3874 inpedimento.

464 3967 632 4022 AGTORUH
660 3967 788 4020 Sunius
815 3967 1025 4022 nxeontnun

240 4116 282 4195 Ι1.
312 4120 365 4194 lin
392 4115 524 4221 plicita
560 4116 791 4196 sacratissimi
829 4116 1003 4224 Principis
1040 4118 1222 4222 proposita
1260 4117 1330 4199 iuit

16 4227 18 4256 ¹
163 4241 531 4321 Eminentissimorum
558 4245 700 4320 Petrum
729 4266 850 4320 sacrae
870 4247 996 4340 donar.
1020 4243 1165 4322 Consilii
1184 4243 1332 4347 snpien-

164 4364 299 4442 tissimo
326 4363 457 4444 iudicio
476 4363 641 4469 ingradn
669 4364 920 4470 appellationis
938 4363 1136 4445 dirimenda
1163 4365 1328 4472 quaestio
