3406 5302
829 471 1003 539 ..23ss-

347 612 453 710 empt.
481 613 517 681 11
543 601 684 708 ceam).
706 645 731 664 -
749 602 849 693 Quod
877 625 1071 682 consensus
1097 623 1173 682 esse
1193 597 1322 680 debeat
1340 597 1382 678 de
1397 622 1503 705 prue-

347 725 438 806 seno
465 751 567 806 nemo
594 751 665 806 non
692 727 804 823 ridet,
834 751 914 814 cum
941 751 1004 834 per
1032 725 1298 833 promissionem
1318 723 1362 804 de
1380 721 1502 802 luturo

345 851 433 931 fiant
461 865 600 932 tantum
628 852 821 958 sponsalia,
851 875 1022 932 nonvero
1040 849 1277 932 matrimonia.
1309 835 1503 927 Deducitur

346 975 451 1055 etiam
466 1001 509 1053 ex
523 975 639 1082 capsi
657 978 749 1056 irater
777 985 841 1072 at,
864 975 905 1055 de
932 974 1087 1082 sponsal.
1109 986 1143 1054 11
1169 986 1280 1054 matr.
1302 970 1504 1052 -Tandem

345 1123 538 1178 consensus
565 1098 678 1179 uerbis
707 1099 763 1178 vel
790 1099 870 1179 aliis
896 1100 1059 1201 cateruis,
1079 1099 1187 1206 sipnis
1207 1095 1426 1178 manifestari
1440 1093 1503 1174 de-

345 1222 421 1302 bet.
451 1222 606 1319 Etenim,
636 1224 690 1303 uti
718 1222 819 1304 docet
847 1224 994 1329 Pirhing
1014 1255 1033 1300 <
1052 1225 1096 1304 ad
1116 1225 1269 1304 valorem
1288 1219 1501 1302 matrimonii

345 1372 417 1428 non
444 1361 500 1426 est
526 1348 613 1426 satis
641 1359 682 1428 ut
708 1348 960 1428 contrahentes
987 1348 1026 1428 iu
1053 1347 1305 1451 obligationem
1332 1345 1501 1448 coniuga-

345 1471 414 1551 lem
441 1470 485 1551 de
512 1473 691 1576 praesenti
720 1473 959 1569 consentiant,
989 1473 1064 1552 sive
1091 1474 1271 1552 interatum
1299 1495 1501 1552 consensum

345 1594 516 1690 habeant,
547 1595 608 1674 sed
636 1597 713 1675 iure
741 1621 881 1704 quoque
909 1597 1065 1677 naturali
1093 1598 1301 1704 requiritur,
1324 1609 1365 1676 ut
1383 1593 1501 1701 expri-

343 1733 442 1800 mant
468 1720 564 1800 hunc
591 1744 815 1818 consensum,
847 1747 998 1828 eumque
1027 1735 1150 1802 mutuo
1174 1733 1373 1828 acceptent,
1395 1733 1501 1826 prout

343 1858 483 1928 constat
510 1871 554 1924 ex
568 1869 646 1952 cap.
670 1845 803 1944 111113,
825 1847 1013 1953 desponsa
1035 1847 1202 1934 duorum,
1228 1845 1291 1925 ubi
1310 1858 1496 1950 postquam

343 1972 572 2067 dictumest,
612 1971 874 2052 matrimonium
911 1973 1072 2052 contrahi
1101 1997 1164 2078 per
1195 1971 1390 2075 legitimum
1417 1993 1500 2048 cou-

306 2132 312 2148 ·
344 2121 488 2178 sensum
515 2095 559 2176 de
587 2097 766 2202 praesenti
794 2097 888 2176 inter
914 2095 1029 2176 virum
1056 2110 1093 2176 et
1124 2096 1319 2192 mulierem,
1350 2095 1500 2174 subiun-

344 2225 456 2327 gitur:
488 2220 543 2299 ito
570 2231 609 2300 11
637 2246 728 2300 cous
755 2217 926 2308 alterum,
955 2245 1034 2300 com
1062 2231 1184 2299 mutuo
1201 2245 1368 2299 consensa
1386 2217 1499 2298 uerbis

344 2348 514 2426 consuetis
544 2371 720 2452 cupresso,
750 2343 916 2452 recipiat,
945 2344 1000 2424 rel
1027 2345 1107 2424 aliis
1126 2345 1239 2448 signis
1257 2345 1429 2440 externis,
1459 2357 1499 2422 ut

344 2495 451 2576 supra
480 2469 626 2549 dictum.
658 2469 765 2548 Ratio
793 2481 861 2564 est,
891 2469 1124 2574 quianullus
1153 2468 1330 2548 humanus
1357 2481 1499 2548 coutra-

342 2605 422 2674 ctus
440 2593 522 2672 iniri
540 2605 671 2698 potest,
702 2593 770 2672 nisi
789 2593 975 2698 utriusque
993 2593 1235 2673 contrahentis
1255 2591 1419 2672 voluutas
1438 2618 1501 2672 ex-

341 2717 529 2823 primatur,
564 2731 601 2796 et
635 2730 759 2798 mutuo
786 2717 855 2796 sibi
886 2717 1125 2800 innotescat»
1155 2719 1327 2826 (Pirhiog
1358 2717 1420 2798 lib.
1457 2724 1495 2796 4.

343 2841 401 2922 tit.
434 2845 470 2920 1.
511 2868 548 2921 o.
582 2840 672 2949 82).
694 2845 842 2921 -Hunc
878 2843 1077 2948 praeiverat
1114 2843 1285 2939 Sanchez,
1324 2843 1387 2950 qui
1421 2846 1513 2922 aitt·

344 2997 362 3041 ‹
385 2969 458 3046 Itos
485 2979 539 3047 est
567 2978 662 3046 certa
690 2968 783 3048 inter
810 2966 1016 3062 catholicos,
1047 2991 1117 3046 uon
1145 2969 1232 3047 satis
1254 2993 1331 3048 esse
1350 2991 1499 3048 consen-

340 3115 418 3170 sum
445 3091 638 3186 internum,
669 3089 731 3170 sed
759 3102 920 3198 oportere
953 3090 1072 3170 verbis
1099 3091 1154 3172 vel
1181 3091 1294 3196 signis
1329 3092 1492 3198 exprimi.

342 3216 449 3296 Cuius
468 3219 683 3295 contrarium
702 3213 819 3295 tenuit
837 3213 974 3309 Wiclel,
995 3239 1101 3322 quem
1120 3216 1191 3296 late
1205 3217 1390 3322 impugnat
1402 3215 1499 3295 Wal-

341 3342 429 3421 dens
457 3355 526 3422 etc.
552 3370 588 3420 ›.
620 3345 665 3422 Et
683 3339 841 3420 eamdem
865 3365 907 3419 11
924 3365 1032 3446 supra
1051 3343 1224 3422 rationem
1239 3341 1355 3438 affert,
1377 3339 1500 3422 addito
1609 3352 1620 3373 ⁴

341 3467 436 3573 quod
463 3465 723 3558 matrimonium
752 3477 858 3570 prout
885 3479 1143 3546 sacramentum
1163 3465 1291 3546 debeat
1309 3466 1430 3572 perfici
1449 3463 1500 3544 si-

340 3617 408 3697 pon
435 3588 592 3670 sensibili
618 3589 793 3697 (Sanchez
820 3588 863 3668 do
889 3589 1050 3669 matrim.
1082 3589 1320 3698 1111111.
1353 3593 1443 3694 30).
1474 3615 1494 3670 e

340 3721 462 3810 Porro,
485 3713 530 3793 ad
549 3713 704 3794 valorem
723 3714 938 3794 matrimonii
956 3738 1166 3794 consensum
1185 3727 1347 3794 mutuum
1367 3711 1497 3793 nedum

338 3865 401 3948 per
428 3839 535 3920 aerbo
563 3837 712 3945 exprimi
739 3861 857 3945 posse,
879 3851 920 3918 ut
938 3838 1149 3942 regulariter
1168 3837 1244 3918 [ieri
1273 3837 1380 3918 dehet
1398 3863 1498 3914 111-

338 3964 495 4045 lentibus
522 3963 634 4070 loqui,
664 3963 727 4042 sed
754 3977 791 4043 et
817 3987 880 4069 per
907 3963 976 4042 alia
1003 3975 1151 4044 caterno
1171 3965 1496 4069 sipooconsensum

339 4089 574 4195 exprimentia
594 4087 721 4169 docent
740 4087 971 4168 communiter
990 4091 1063 4166 DD.
1087 4115 1165 4167 cum
1185 4087 1306 4168 eodem
1322 4087 1494 4180 Sancher,

338 4213 400 4320 qui
428 4212 606 4294 concludit
643 4212 946 4294 animadvertens:
980 4213 1213 4292 «Concilium
1250 4213 1494 4293 Florentinum

339 4337 376 4415 in
404 4339 544 4418 decreto
572 4335 615 4416 de
643 4337 886 4434 sacramentis,
919 4353 998 4417 cum
1025 4336 1166 4441 singula
1185 4349 1405 4417 sacramenta
1423 4338 1498 4415 siu·
1536 4433 1539 4444 ι

340 4461 488 4568 gillatim
516 4475 726 4570 exponeret,
766 4461 857 4542 dixit
884 4463 952 4544 sic:
983 4485 1182 4551 cousensus,
1214 4487 1281 4570 per
1307 4461 1415 4542 aerbo
1441 4487 1499 4542 re·
