3446 5298
685 441 716 448 —
740 405 799 466 3725
822 441 855 448 —

183 537 347 630 scientia,
379 534 543 614 delensor
571 531 787 612 matrimonii
817 531 1116 636 acquiescendum
1144 557 1214 610 non
1234 547 1352 638 putet,

182 661 237 740 vel
255 662 340 764 quia
372 659 440 736 sibi
469 657 612 738 videtur
632 655 818 736 manifeste
838 656 971 736 iniusta
1006 657 1061 734 vel
1095 657 1267 753 invalida,
1299 658 1356 736 vel

181 783 265 889 quia
286 783 394 861 luerit
413 781 486 860 lata
507 781 543 858 in
565 781 671 859 tertia
692 780 882 875 instantia,
906 793 942 858 et
962 780 1009 858 sit
1029 781 1248 860 revocatoria
1268 782 1358 860 alte-

181 909 255 986 rius
283 905 532 1012 praeccdentis
560 929 669 1008 super
698 902 883 981 validitate
922 903 959 980 in
988 904 1146 982 secunda
1183 905 1357 984 instantia

181 1043 380 1124 emanatas,
412 1029 589 1124 velumus,
622 1041 663 1106 ut
692 1026 791 1104 lirma
819 1039 1025 1106 remanente
1051 1031 1195 1132 utrique
1214 1029 1356 1132 coniugi

181 1153 421 1259 prohibitione
441 1151 486 1230 ad
507 1153 595 1230 alias
616 1150 827 1230 transeundi
857 1153 1018 1254 nuptiae,
1050 1177 1140 1255 quas
1164 1152 1195 1230 si
1215 1165 1358 1230 contra-

181 1278 267 1356 here
294 1277 373 1356 ausi
411 1275 558 1368 luerint,
592 1278 730 1380 poenis,
763 1286 803 1352 nt
833 1273 1053 1378 praefertur,
1085 1302 1106 1352 a
1135 1275 1244 1354 Nobis
1273 1299 1358 1353 con-

181 1401 319 1482 stitutis
349 1399 499 1480 subesse
534 1398 771 1492 decernimus,
803 1423 911 1476 cansa
940 1400 977 1476 in
1006 1400 1112 1477 tertia
1142 1400 1198 1477 vel
1226 1413 1356 1504 quarta

179 1527 352 1608 instantia
381 1537 630 1628 cognoscatur,
663 1523 815 1602 servatis
843 1522 1035 1625 diligenter
1064 1523 1244 1617 omnibus,
1263 1550 1356 1628 quae

179 1677 199 1728 a
228 1649 338 1728 Nobis
366 1649 403 1728 in
431 1649 545 1753 prima
575 1661 611 1728 et
639 1647 796 1726 secunda
825 1647 999 1724 instantia
1028 1646 1246 1726 demandata
1278 1646 1358 1725 lue·

179 1789 279 1867 runt,
312 1799 438 1881 nempe
467 1774 505 1852 in
534 1773 696 1877 quolibet
724 1771 882 1849 iudiciali
911 1783 994 1849 actu
1031 1773 1140 1850 citato
1169 1784 1205 1850 et
1230 1772 1354 1850 audito

180 1897 366 1979 defensore
394 1899 624 1992 matrimonii,
655 1897 717 2001 qui
737 1923 757 1973 a
777 1895 900 1976 Iudice
928 1897 1056 1976 tertiae
1074 1898 1270 1978 instantiae
1291 1900 1355 1978 de-

182 2035 334 2126 putatus
353 2021 474 2102 luerit.
890 2001 897 2020 l
1320 2125 1322 2130 Ι

258 2151 297 2247 §-
331 2156 394 2225 Η.
426 2145 596 2226 Defensor
615 2159 733 2225 autem
755 2145 991 2268 matrimonii,
1014 2171 1119 2250 quern
1145 2147 1191 2225 ad
1219 2173 1352 2226 munus

179 2297 284 2350 suum
313 2271 424 2374 gratis
451 2269 655 2348 obeundum
682 2295 746 2374 pro
775 2295 892 2348 amore
921 2272 998 2365 Dei,
1030 2283 1065 2350 et
1094 2272 1245 2375 proximi
1282 2275 1356 2352 uti-

181 2395 297 2488 litate,
329 2409 365 2474 ct
394 2394 578 2480 Ecclesiae=
601 2394 802 2474 reverentia
823 2395 860 2470 in
879 2394 1028 2472 Domino
1047 2396 1292 2491 exhortamur,
1320 2397 1350 2474 si
1458 2477 1463 2483 ,

181 2545 325 2623 operam
349 2545 451 2598 suam
479 2518 557 2596 sine
585 2517 746 2596 mercede
775 2531 838 2595 aut
866 2518 997 2596 salario
1024 2519 1145 2623 aliqua
1173 2545 1217 2600 ex
1245 2545 1355 2598 causa

182 2641 351 2720 exhibere
372 2642 605 2735 recusaverit,
637 2641 683 2720 ab
711 2641 825 2746 ipsius
853 2667 983 2720 causae
1011 2642 1133 2722 lodice
1162 2645 1194 2722 ei
1223 2645 1358 2722 consti·

181 2780 319 2862 tuatur,
352 2775 391 2844 et'
417 2765 462 2844 ab
491 2792 533 2844 ca
561 2780 677 2869 parte,
709 2791 802 2869 quae
827 2791 891 2870 pro
920 2765 1105 2845 validitate
1138 2769 1354 2848 matrimonii

181 2891 270 2992 agit,
302 2891 333 2968 si
363 2891 430 2994 ipsi
469 2890 620 2970 incultas
648 2891 709 2985 sit,
742 2891 915 2985 solvatur,
947 2893 1004 2968 sin
1036 2891 1155 2969 minus
1184 2919 1204 2968 a
1233 2892 1356 2970 Iudice

180 3014 316 3116 primae
354 3014 410 3092 vel
448 3013 626 3094 secundae
665 3015 720 3090 vel
759 3014 886 3092 tertiae
924 3015 1119 3094 instantiae
1156 3016 1354 3120 respectiva

180 3137 526 3230 subministrabitur,
557 3137 619 3241 qni
649 3137 820 3242 pecunias
857 3164 901 3215 er
938 3139 1080 3218 mulctis
1114 3163 1259 3218 suornm
1288 3140 1354 3218 tri-

179 3260 364 3340 bunalium
389 3261 559 3360 redactas
586 3261 642 3338 vel
672 3261 899 3362 redigendas,
932 3274 966 3339 et
987 3263 1024 3340 in
1052 3288 1159 3366 opera
1187 3263 1247 3368 pia
1275 3288 1354 3340 ero·

180 3383 331 3486 gandas,
363 3387 400 3464 in
429 3383 634 3463 huiusmodi
662 3399 828 3488 sumptus
848 3385 1028 3463 insumere
1048 3400 1236 3490 poterunt.
1269 3391 1356 3464 Cum

180 3530 263 3582 vero
291 3505 428 3584 iudices
457 3529 585 3584 causae
616 3518 723 3582 erunt
751 3504 893 3582 ludices
922 3505 1169 3599 commissarii,
1200 3506 1262 3610 qui
1292 3530 1356 3582 ne-

180 3653 249 3732 que
279 3627 393 3706 lorum
422 3628 573 3721 habent,
607 3641 643 3706 ct
671 3639 931 3730 consequenter
960 3653 1075 3732 neque
1099 3627 1287 3733 pecuniam
1311 3655 1354 3707 ex

179 3755 321 3834 mulctis
349 3756 547 3848 collectam,
581 3755 744 3832 volumus
772 3779 813 3832 ac
850 3753 1073 3848 mandamuS,
1106 3768 1147 3832 nt
1175 3753 1354 3834 defensori

180 3877 395 3957 matrimonii
415 3877 567 3958 satisfiat
587 3903 629 3954 err
659 3877 810 3980 pecunia
838 3876 1052 3954 mulctarunt
1080 3876 1178 3956 illius
1211 3879 1357 3981 Episco-

181 4003 231 4106 pi,
254 4004 291 4079 in
309 4002 413 4080 cuius
427 4001 579 4079 dioecesi
599 4002 712 4078 luder
728 3999 990 4078 commissarius
1010 3998 1110 4077 inrita
1140 3999 1241 4077 Sedis
1270 4025 1356 4104 apo-

180 4126 325 4204 stolicae
347 4125 554 4204 mandatnm
576 4124 746 4202 iudicium
766 4122 960 4202 enercebit.

142 4263 145 4272 '
258 4253 297 4349 ᾖ.
334 4259 395 4328 13.
428 4253 612 4327 Hactenus
640 4247 785 4352 quidem
813 4245 931 4350 quoad
951 4271 1087 4324 vcausas
1110 4245 1357 4326 matrimonia-

183 4373 247 4468 les,
278 4399 371 4477 quae
400 4387 500 4450 extra
535 4397 714 4450 romanam
744 4372 883 4450 Curiam
912 4383 1204 4474 pertractantur.
1235 4371 1359 4460 Quoad
