3446 5298
619 483 796 546 -diss-

119 619 261 686 tautum
281 604 485 708 Oratricis),
508 631 588 684 cum
603 605 741 686 scilicet
767 608 805 684 in
832 607 909 685 loco
927 604 1090 708 originis,
1109 605 1165 684 rel
1184 605 1292 684 etiam

120 728 289 808 domicilii
327 729 491 833 cognatio
519 728 671 810 [eminae
709 731 759 808 ita
787 729 835 808 sit
870 742 1080 834 propagata,
1111 743 1153 808 ut
1181 729 1290 808 alium

118 855 216 958 paris
230 853 525 948 conditionis‚cui
541 855 669 949 nubat,
683 855 844 934 invenire
861 865 1030 958 nequeat,
1049 852 1118 932 nisi
1137 877 1290 932 cansan-

116 979 285 1080 guineum
306 979 362 1058 vel
383 979 541 1073 affinem,
562 979 716 1085 patriam
737 1005 820 1058 vero
840 977 1004 1058 deserere
1026 981 1074 1058 sit
1092 981 1124 1056 ei
1140 977 1284 1056 durum.

198 1113 236 1182 2.
267 1110 372 1182 Aetas
391 1104 547 1208 feminae
566 1103 818 1209 superadulta,
838 1105 869 1182 si
888 1102 1024 1182 scilicet
1044 1109 1140 1180 wa
1159 1105 1288 1182 aetatis

118 1251 252 1307 anuum
272 1230 340 1308 iam
361 1255 503 1332 egressa
523 1229 700 1308 hactenus
718 1229 833 1307 virum
853 1227 949 1332 paris
975 1225 1205 1320 conditionis,
1231 1227 1289 1306 oui

117 1351 254 1432 nubere
274 1353 400 1458 possit,
432 1379 504 1432 nan
532 1357 682 1434 invenit.
715 1357 812 1432 Haec
839 1377 922 1430 vero
951 1373 1058 1430 neusa
1088 1349 1185 1430 haud
1213 1349 1290 1430 sut-

117 1474 279 1578 fragatur
298 1475 440 1572 viduae,
472 1503 564 1583 quae
593 1478 638 1556 ad
668 1477 757 1556 alias
776 1475 921 1581 nuptias
940 1473 1127 1554 convolare
1147 1473 1283 1578 cupiat.

198 1609 236 1678 3.
267 1599 476 1704 Deficientia
508 1614 573 1680 ant
607 1598 880 1706 incompetentia
906 1598 1015 1684 datis,
1044 1599 1075 1676 si
1095 1621 1220 1703 nempe
1236 1597 1288 1676 ie-

117 1723 214 1800 mina
233 1749 305 1804 non
333 1725 466 1804 habeat
485 1740 568 1805 actu
588 1739 726 1804 tantam
747 1725 880 1820 dotem,
912 1737 953 1802 ut
971 1737 1141 1802 extraneo
1157 1735 1290 1828 aequa·-

115 1845 161 1924 lis
181 1847 408 1944 conditionis,
430 1849 493 1954 qui
513 1873 629 1954 neque
644 1848 932 1951 consanguineus
951 1871 1067 1950 neque
1086 1845 1204 1926 affinis
1223 1847 1284 1942 sit,

116 1971 253 2050 nubere
272 1975 384 2077 possit
404 1973 441 2050 in
460 1973 603 2078 propria
622 1972 712 2067 loco,
745 1973 782 2052 in
809 1997 881 2078 qua
909 1983 1158 2052 commoratur.
1190 1976 1288 2062 Quae

116 2119 225 2174 causa
252 2097 364 2199 magis
384 2110 502 2198 urget,
534 2097 564 2174 si
583 2095 711 2176 mulier
730 2095 875 2200 penitus
904 2093 1065 2176 indotata
1084 2096 1231 2189 existat,
1249 2118 1288 2184 ct

117 2220 407 2322 consanguineus
425 2221 481 2300 rel
496 2221 615 2300 affinis
632 2247 709 2300 eam
727 2222 764 2300 in
780 2245 926 2300 uxorem
945 2220 1089 2314 ducere,
1104 2219 1288 2298 autetiam

117 2341 371 2422 convenientos
391 2344 594 2454 enintegra
613 2343 738 2424 dotare
756 2357 905 2450 paratus
924 2344 984 2422 sit.

202 2473 239 2543 t.
269 2467 364 2544 Lites
392 2493 498 2572 super
525 2469 739 2548 successione
764 2467 934 2546 bonarum
953 2468 1028 2548 iam
1053 2467 1290 2554 exortamus}

116 2588 322 2668 earumdem
336 2615 448 2694 prave
466 2603 529 2669 aut
547 2590 735 2673 imminens
760 2590 977 2696 periculam.
1000 2591 1036 2671 Si
1057 2591 1185 2672 mulier
1209 2617 1290 2694 gra-

115 2738 197 2792 vem
216 2713 315 2792 litam
334 2739 441 2819 super
456 2718 679 2794 successione
695 2715 866 2796 bonorum
886 2718 1005 2818 magni
1020 2716 1187 2794 momenti
1202 2715 1290 2795 sub·-

115 2835 264 2931 scineae,
287 2862 404 2943 neque
423 2838 526 2917 adest
554 2839 660 2933 alius,
692 2841 754 2944 qui
774 2839 874 2920 litem
892 2839 1097 2918 huiusmodi
1116 2841 1154 2916 in
1173 2865 1211 2918 se
1226 2865 1290 2918 su·

115 2959 259 3063 scipiat,
290 2961 516 3066 propriisque
543 2965 709 3068 expensis
737 2976 991 3068 prosequatur,
1021 2975 1164 3070 praeter
1188 2962 1288 3042 illum

115 3082 180 3186 qui
209 3083 323 3187 ipsam
353 3084 391 3164 in
418 3109 565 3164 uxorem
602 3087 731 3166 ducere
760 3087 878 3192 cupit,
910 3086 1130 3192 dispensatio
1163 3109 1290 3166 conae-

116 3205 154 3284 di
183 3208 296 3304 sotet3
327 3208 478 3290 interest
506 3213 601 3288 enim
628 3211 875 3316 Reipublicae,
908 3223 948 3290 ut
967 3211 1048 3290 titos
1073 3210 1290 3312 extinguan-

117 3342 191 3407 tur.
225 3331 317 3410 Huic
345 3333 507 3438 proxime
532 3333 670 3413 assedit
697 3335 768 3414 etia
804 3359 927 3430 causa,
958 3335 1094 3414 scilicet
1120 3334 1183 3414 dos
1210 3331 1288 3412 iiti—
1327 3361 1330 3364 ·

116 3453 181 3532 bus
200 3455 378 3544 inuoluta,
400 3483 480 3536 cum
499 3458 667 3536 nimirum
686 3457 812 3538 mulier
841 3459 911 3538 alio
930 3471 984 3537 est
1004 3457 1287 3554 destituturus,

118 3580 222 3658 cuius
242 3606 307 3688 ope
328 3581 420 3660 buna
440 3609 505 3661 sua
524 3608 735 3688 recuperare
763 3583 893 3662 valent.
927 3588 1056 3664 Verum
1084 3581 1289 3664 huiusmodi

117 3729 227 3784 causa
254 3706 397 3786 nonnisi
425 3731 489 3811 pro
518 3706 769 3788 remotioribus
797 3707 969 3811 gradibus
996 3707 1143 3786 sufficit.

197 3839 234 3908 5.
273 3837 473 3934 Paupertas
501 3830 648 3917 viduae,
675 3856 767 3935 quae
796 3855 983 3910 numerosa
1010 3831 1108 3935 prole
1133 3833 1180 3908 sit
1199 3854 1286 3908 one-

118 3967 211 4048 rata,
242 3965 279 4032 et
297 3953 352 4031 vir
379 3978 457 4034 eam
477 3954 572 4034 alere
591 3954 815 4059 poHiccatur.
847 3953 915 4034 Sed
940 3953 1156 4058 quandoque
1175 3977 1290 4032 resno·

117 4075 177 4154 dio
191 4075 469 4181 dispensationis
488 4077 709 4158 succurritur
725 4077 854 4156 viduae
882 4103 924 4156 aa
939 4091 1080 4158 tautum
1099 4077 1144 4156 de
1163 4103 1287 4172 causa,

116 4201 213 4305 quod
234 4201 351 4280 iunior
367 4202 428 4297 sit,
447 4216 555 4306 atque
575 4202 613 4279 in
632 4201 791 4307 pericula
814 4203 1095 4281 incontinentiae
1110 4214 1286 4282 versetur.

199 4331 240 4402 6.
270 4324 538 4430 Bonumpaeis,
566 4350 637 4430 qua
656 4325 798 4405 nomine
819 4327 967 4406 veniunt
996 4327 1127 4406 nedum
1148 4325 1290 4406 foedera

120 4447 214 4525 inter
247 4471 356 4552 regna
384 4462 421 4527 et
457 4448 651 4554 principes,
681 4449 745 4528 sed
782 4451 888 4528 etiam
926 4450 1096 4530 extinctio
1130 4447 1294 4554 granium
