1035 1506
522 204 540 207 —
553 197 581 212 ¹22
592 204 610 208 -

272 223 350 247 finitum,
365 223 397 243 sed
412 223 492 250 coniugis
511 224 580 244 lucrum
594 224 613 244 in
629 224 699 244 Christo
717 227 806 250 expectet.
818 224 856 243 -Si

272 261 314 274 vero
328 254 399 275 differat
413 256 546 275 conversionem
560 262 618 279 suam,
634 261 692 282 nequo
709 259 769 275 tamen
785 255 856 281 wniugi

271 286 362 312 baptizato
376 286 487 312 perniciosus
500 287 573 310 existat,
589 293 629 307 eum
639 294 650 306 a
660 287 693 306 lide
703 286 808 310 avertendo,
824 289 857 306 aut

272 317 295 337 ad
309 321 402 343 peccatum
412 317 485 337 mortale
495 317 616 344 pertrahendo
625 333 630 337 .
641 333 645 337 .
656 333 660 337 .
674 321 717 337 tunc
726 317 856 344 expectandum

272 348 332 368 adhuc
345 355 384 368 esse
398 355 430 375 per
444 352 530 369 semestre
544 352 622 375 tempus,
638 349 709 368 assidue
727 349 749 368 de
763 355 795 368 sua
810 349 858 368 inte-

272 379 305 399 rim
319 380 434 399 conversione
449 379 587 399 admonendum.
600 391 611 395 -
621 380 655 400 Sed
669 380 754 406 quoniam
762 383 800 399 tum
809 380 857 406 peri-

272 410 332 431 culum
347 416 409 430 recens
423 411 503 430 conversi
518 411 616 431 cavendum
630 414 665 434 est,
680 414 701 431 ut
708 411 723 431 si
733 411 764 431 diu
774 417 857 437 perman-

272 442 316 461 serit
326 442 344 461 in
352 445 391 461 toro
405 441 488 465 infidelis,
500 441 552 462 fidem
562 442 627 462 Christi
635 442 715 462 fortassis
725 442 797 462 amittat
805 457 810 461 .
821 456 826 461 .
836 457 841 461 .
850 456 855 465 ,

273 477 311 493 tum
325 479 367 492 vero
385 473 464 492 libertati
483 473 531 493 illius
550 473 679 493 consulendum
695 477 730 497 est,
746 480 768 493 ue
787 472 857 493 caelebs

273 504 332 523 vivere
347 507 421 529 cogatur
430 519 434 523 .
445 519 449 523 .
461 519 465 523 .
476 511 481 528 ς
492 504 558 524 idcirco
567 504 686 527 decernimus,
698 508 718 524 ut
728 507 819 524 transacto
825 509 857 523 sex

273 535 361 554 mensium
375 535 433 561 spatio
447 541 476 555 res
489 535 512 554 ad
527 535 633 561 Episcopum
647 535 746 558 deferatur,
766 535 797 561 qui
811 534 857 554 bene

273 569 366 593 perspecta
380 572 441 589 causa,
457 566 504 586 fideli
519 566 604 589 declaret,
620 566 689 593 copiam
703 572 742 586 esse
756 565 805 585 aliud
820 572 858 585 ma-

273 597 375 617 trimonium
389 597 463 617 ineundi
473 612 477 616 .
488 612 493 616 .
504 612 508 616 .
518 608 530 612 -
540 597 590 620 Quod
604 597 619 617 si
630 597 699 617 nullum
708 603 747 617 esse
757 597 856 623 periculum

273 629 292 648 in
306 628 439 648 cohabitatione
453 628 525 652 viderit,
541 628 603 648 iubeat
616 631 710 655 expectare
720 628 817 651 infidelem,
828 628 856 647 vel

273 660 327 679 etiam
334 660 416 679 consulat
426 659 529 679 cohabitare
536 660 551 679 si
559 659 643 686 prodesse
650 659 739 685 intelligat
748 659 798 679 iuna
807 659 857 678 Pauli

273 691 349 717 apostoli
363 690 464 710 consilium.
475 702 487 705 -
497 691 559 716 Neque
573 691 620 710 enim
627 694 687 717 polest
693 690 776 710 omnibus
783 696 858 710 conver-

274 721 299 741 sis
313 721 374 741 eadem
388 722 416 741 lex
433 721 513 748 praefigi,
531 728 571 741 cum
590 725 684 741 occurrant
702 721 781 747 profecto
797 721 858 740 variae

274 752 426 776 circumstantiae,
442 759 500 779 neque
514 753 538 773 sit
551 753 630 773 omnium
644 752 743 773 infidelium
757 752 819 773 eadem
829 759 858 772 ra-

274 784 299 803 tio
311 792 320 802 ›
335 784 372 810 (1).
696 780 698 782 ’

315 817 347 835 26.
363 816 384 834 In
398 821 441 835 casu
455 818 522 838 autern,
538 821 574 841 quo
588 815 659 841 coniugi
669 815 692 835 ad
702 815 755 835 fidem
764 820 856 838 conversm

274 846 422 866 concurrentibus
440 846 463 865 ad
480 845 497 865 id
516 846 607 866 adiunctis
622 850 642 866 et
659 846 751 872 regionum
770 846 856 869 moribus,

274 877 360 903 permissa
375 876 429 896 suerit
438 877 526 896 habitatio
536 883 576 897 cum
586 877 642 897 altero
651 878 726 903 coniuge
736 877 811 900 infideli,
822 883 858 896 non

274 907 315 927 ideo
329 913 370 933 pars
384 907 442 927 fidelis
456 908 538 934 privatur
552 908 645 934 privilegio
659 914 690 934 per
705 908 808 935 Apostolum
817 914 859 934 pro-

275 938 361 963 mulgato.
376 939 435 960 Quare
448 939 464 958 si
478 945 520 964 pars
534 938 618 962 infidelis,
633 942 674 965 post
688 939 758 965 longam
772 939 827 958 etiarn
840 942 858 958 et

275 969 366 995 pacificam
380 968 531 989 cohabitationem
545 976 585 989 cum
599 970 674 995 coniuge
688 976 781 993 converso,
793 970 858 990 nedum

274 1000 354 1020 converti
369 1003 446 1023 recuset,
461 1000 493 1020 sed
509 1004 583 1020 conetur
601 1001 655 1020 etiam
672 1001 741 1021 fidelem
757 1004 869 1027 pervertere.

274 1034 307 1051 aut
320 1031 424 1057 pertrahere
438 1031 461 1050 ad
476 1035 575 1057 peccatum,
587 1032 615 1051 vel
629 1031 744 1057 siaconiuge
753 1032 800 1051 fideli
810 1032 860 1051 iniu-

274 1066 300 1082 ste
314 1062 399 1086 divertat,
414 1066 446 1082 aut
460 1063 505 1082 alias
519 1063 568 1082 ineat
582 1064 664 1090 nuptias:
679 1063 745 1090 poterit
762 1069 858 1083 conversus

275 1094 301 1114 uti
316 1094 409 1120 privilegio
423 1094 441 1113 in
457 1094 534 1114 savorem
549 1094 590 1114 fidei
604 1101 695 1118 concesso,
713 1095 781 1115 scilicet
797 1095 860 1115 matri-

274 1125 353 1144 monium
368 1131 407 1144 cum
421 1125 469 1145 fideli
487 1125 536 1145 licite
553 1129 572 1145 et
590 1125 649 1145 valide
668 1126 780 1150 contrahere,
799 1126 824 1146 ita
839 1129 859 1145 ut

311 1174 328 1191 11)
337 1174 379 1192 Apud
389 1174 471 1192 Pinnatalli:
484 1174 614 1189 Cmuuleatiamum
625 1174 738 1192 canonicarum,
752 1177 786 1189 umm
797 1177 810 1189 ά.
817 1182 826 1185 -
833 1174 857 1189 cil.

275 1196 337 1211 munla.
348 1198 378 1210 18⁹.
388 1200 399 1210 n
414 1198 427 1210 7.
438 1200 479 1214 prop.
490 1196 515 1210 lln.
525 1200 560 1214 paq.
571 1198 602 1210 2⁸¹.
613 1196 637 1211 citi
648 1196 681 1211 edit.
