3456 5300
888 486 1044 549 ..86-

463 621 499 690 tr.
533 611 710 692 Secundo:
741 617 905 694 «Votum
935 614 1089 694 solemne
1108 613 1285 693 castitatis
1308 637 1352 691 en
1371 609 1550 690 constitn-

380 733 477 814 tione
505 737 683 816 Ecclesiae
711 731 811 818 s'acro
839 737 963 817 Ordini
992 763 1185 835 annerum,
1208 737 1276 817 etsi
1299 760 1371 815 non
1403 732 1551 813 dirimat

380 856 644 936 matrimonium
672 869 803 951 ratum,
834 857 969 937 dirimit
997 872 1116 938 tamen
1145 855 1428 938 contrahendum
1446 885 1482 932 s.

415 1053 420 1065 .
461 979 600 1060 Nedum
628 983 822 1086 praemissa
854 980 1027 1062 Bonilacii
1055 985 1140 1060 Vlll
1172 977 1357 1074 decretali,
1397 975 1552 1072 sed‚11t

380 1115 498 1182 cetera
525 1106 680 1200 mittam,
711 1104 819 1184 citato
848 1105 1046 1214 tridentini
1079 1129 1214 1184 canone
1243 1105 1292 1181 ita
1321 1101 1365 1181 de
1393 1113 1549 1205 utroque

379 1229 460 1308 Voti
488 1227 741 1334 impedimento
773 1228 996 1310 decernitur:
1030 1228 1070 1307 Si
1101 1229 1180 1336 quis
1209 1225 1360 1314 dicerit,
1397 1223 1547 1304 Clericus

379 1351 419 1430 in
447 1353 557 1431 sacris
590 1351 781 1432 Ordinibus
810 1353 1032 1442 constitutos,
1053 1353 1109 1434 ool
1128 1351 1317 1458 Requlares
1347 1349 1548 1430 castitatem

380 1477 582 1558 solemniter
605 1479 798 1584 professos,
815 1505 916 1586 posse
934 1479 1203 1558 matrimonium
1227 1478 1447 1562 contradere,
1466 1499 1553 1553 con-

381 1611 604 1706 tractumque
631 1599 793 1680 ualidum
821 1628 906 1689 esse,
926 1629 1003 1680 non
1030 1602 1187 1682 obstante
1214 1599 1287 1706 leae
1314 1595 1549 1679 ecclesiastica

379 1722 436 1803 uel
463 1735 544 1802 ooto
566 1783 702 1812 .....
732 1725 924 1805 onatbema
952 1726 999 1804 sit
1028 1727 1043 1830 (
1071 1725 1102 1832 ).

463 1857 499 1928 5.
531 1851 638 1927 Porro
666 1874 758 1953 qnae
785 1847 831 1928 ad
860 1875 1019 1928 normam
1038 1863 1198 1930 veterum
1214 1871 1389 1928 canonum
1417 1870 1551 1926 sanxe-

380 1985 437 2056 rat
465 1971 624 2052 Clemens
650 1977 679 2050 V
708 1975 744 2052 in
773 1974 927 2052 Concilio
946 1973 1139 2052 Viennensi
1159 1973 1217 2079 (Ξ)
1246 1985 1369 2051 contra
1397 1997 1450 2050 eos
1484 1969 1550 2076 qui

381 2093 504 2175 divino
540 2095 666 2176 timore
694 2096 904 2204 postposito,
934 2096 1149 2175 insacrum
1176 2094 1379 2202 periculum
1407 2093 1553 2172 anima·

381 2239 463 2298 rum
492 2219 640 2300 scienter
663 2282 671 2299 .
693 2282 702 2299 .
724 2283 733 2316 ,
755 2281 794 2300 ..
826 2245 906 2299 cum
936 2219 1149 2300 monialibus
1186 2218 1392 2298 contrabere
1418 2216 1553 2296 matri-

381 2341 586 2422 monialiter
613 2369 682 2422 non
710 2356 896 2424 verentur:
927 2369 987 2424 nec
1015 2367 1084 2423 nou
1112 2341 1300 2448 deliciosos
1316 2354 1349 2421 et
1377 2339 1547 2421 Maniolai

381 2493 423 2546 ac
454 2467 603 2547 Clericus
632 2467 670 2546 in
707 2468 818 2547 sacris
854 2467 1045 2548 Ordinibus
1078 2467 1283 2547 constitutos
1315 2465 1548 2546 matrimonio

382 2590 727 2698 contrabescam),
757 2593 842 2671 Pius
869 2597 920 2671 Ill
946 2591 1144 2687 renovavit,
1176 2589 1375 2686 declarans,
1406 2614 1550 2669 excom-

381 2711 611 2793 municationi
648 2713 742 2794 latae
771 2717 983 2811 sententiae,
1025 2716 1209 2820 Episcopis
1236 2716 1310 2793 sive
1348 2711 1551 2790 Ordinariis

380 2849 597 2932 reservatae,
638 2838 821 2917 subiacere
861 2835 1011 2918 Clericos
1039 2839 1078 2916 in
1107 2837 1218 2916 sacris
1257 2835 1463 2915 constitutos
1491 2832 1549 2912 vel

381 2957 571 3066 fleoulares
599 2973 664 3039 aut
690 2959 860 3040 Moniabes
875 2972 1092 3068 postcomm
1107 2960 1256 3042 solemne
1275 2957 1452 3047 castitatis
1467 2981 1551 3036 ma-

381 3085 591 3166 trimonium
618 3085 824 3192 contrahere
846 3096 1111 3192 praesumentes
1122 3113 1139 3178 ,·
1158 3109 1219 3164 nec
1238 3107 1308 3162 non
1327 3108 1443 3162 omnes
1464 3103 1546 3161 cum

381 3207 507 3316 aliquo
534 3237 577 3290 ea
611 3208 806 3316 praedictis
838 3207 998 3316 personis
1034 3208 1305 3289 matrimonium
1342 3205 1550 3286 contrahere

377 3345 640 3439 praesumentes
670 3331 742 3438 (l).
774 3332 887 3440 quue
913 3347 1056 3440 praeter
1088 3332 1409 3438 irrenuleritatem,
1437 3355 1547 3436 quam

381 3457 433 3537 ita
461 3454 710 3560 delinquentes
738 3457 939 3552 incurrunt,
970 3457 1109 3536 ratione
1136 3457 1310 3560 bigamiae
1334 3449 1550 3534 similitudi-

382 3579 509 3660 uariae
537 3580 610 3687 (5),
633 3591 668 3658 et
695 3591 837 3685 praeter
864 3579 1108 3686 beneficiorum
1139 3582 1378 3660 omissionem.
1418 3578 1545 3659 Clerici

380 3795 437 3850 rea,
460 3779 596 3847 senatres,
622 3777 875 3850 schmalzgrueber
898 3785 951 3836 eto.
971 3785 999 3838 et
1016 3778 1141 3838 ltesolnt.
1162 3781 1191 3836 s.
1211 3781 1241 3838 C.
1262 3792 1350 3851 quam
1374 3777 1460 3838 refert
1477 3781 1545 3836 Bar-

380 3869 449 3927 bosa
469 3874 566 3925 contre
585 3865 728 3924 eiusmodi
748 3865 922 3938 opinionem.

451 3955 489 4032 (lt
508 3956 632 4014 trident.
652 3971 716 4014 sess.
735 3960 770 4012 m
789 3969 856 4014 cau.
875 3963 902 4013 9.
1022 4009 1029 4034 ,

450 4047 485 4120 (2)
505 4049 557 4104 Per
576 4048 671 4104 const.
691 4059 764 4118 qnae
792 4045 896 4118 legitur
915 4047 944 4104 in
964 4042 1099 4106 clement.
1119 4046 1209 4105 unico
1228 4047 1262 4105 de
1285 4045 1547 4120 musonnuinttate

377 4137 406 4190 et
423 4133 533 4208 affluit.

451 4221 489 4296 (3)
509 4223 561 4282 cit.
582 4223 717 4282 Glanum.
738 4223 837 4281 verba.

450 4311 485 4384 (4)
504 4312 623 4370 constit.
642 4309 824 4384 aporiatum
841 4309 921 4367 Sedis
940 4309 996 4368 diei
1016 4315 1052 4369 {2
1070 4309 1177 4371 octobr.
1198 4317 1277 4370 186⁹.

450 4399 486 4472 (5)
506 4405 621 4460 constat
639 4399 686 4458 vel
705 4399 817 4456 eruitur
836 4412 874 4455 ex
892 4413 954 4470 can.
970 4405 988 4457 2
1006 4415 1040 4458 m
1060 4399 1229 4471 literarum,
1246 4401 1290 4460 tit.
1305 4400 1359 4474 qut
1370 4399 1476 4458 Clerici
1492 4401 1540 4462 oet

375 4497 506 4548 nocentes
524 4497 615 4548 matr.
629 4479 723 4547 contr.
740 4495 878 4560 possuntr
899 4491 1001 4549 excit.
1027 4489 1178 4556 Clementi
1198 4507 1235 4551 ex
1254 4491 1345 4550 titulo
1358 4491 1392 4550 de
1412 4485 1544 4566 binomia
