3424 5300
652 501 828 565 -l87-

264 635 302 706 3⁰
333 625 485 705 Testicm
514 625 777 732 depositionem

264 757 301 828 t⁰
329 758 534 830 Pora'torem
563 754 753 859 inspectio;

264 884 301 954 5⁰
328 875 575 956 turisiorcodi
601 877 737 982 religio.

238 1006 274 1075 7.
307 1003 352 1078 Et
375 1000 652 1106 primoquidem
672 1001 841 1109 depositio
859 1029 923 1083 seu
943 1001 1112 1107 consessio
1131 1003 1319 1104 coniugum

157 1121 328 1226 praebere
356 1139 473 1230 potest
501 1151 610 1204 unum
639 1151 682 1206 er
711 1128 960 1232 probationum
981 1125 1171 1231 generibus
1185 1127 1222 1204 in
1236 1151 1322 1203 can-

157 1248 205 1326 sis
234 1251 569 1346 matrimonialibus
600 1277 764 1359 quaeque
793 1253 823 1334 si
851 1253 914 1332 fiat
941 1252 979 1330 in
1007 1253 1096 1332 actis
1120 1276 1236 1330 coram
1264 1252 1320 1328 iu-

156 1370 234 1450 dice
266 1388 502 1480 competente,
541 1376 745 1470 iudicialem
786 1378 815 1456 si
844 1391 946 1456 extra
980 1391 1060 1456 acta
1093 1359 1209 1454 coram
1248 1375 1321 1480 pri·

157 1499 249 1578 vatis
277 1503 452 1604 personia,
498 1501 785 1582 cotroiodice'olis
827 1514 987 1581 vocatur.
1029 1505 1156 1607 ltaque
1198 1499 1322 1578 coniu-

158 1648 218 1726 ges
247 1623 291 1703 de
311 1624 394 1705 lacti
423 1628 556 1733 proprii
585 1629 735 1708 veritate
754 1627 903 1731 rogandi
922 1641 1025 1724 sunt3
1049 1641 1086 1706 at
1101 1627 1130 1705 si
1150 1626 1321 1705 alteruter

157 1747 346 1852 coniugum
375 1749 480 1830 luerit
509 1754 722 1833 matrimonii
743 1766 941 1848 accusator,
960 1750 1161 1830 moderator
1180 1775 1322 1857 proces-

157 1897 217 1950 sus
245 1872 371 1952 sedulo
397 1875 573 1980 invigilet,
606 1892 724 1957 utrum
745 1902 788 1956 ex
809 1903 931 1956 eorum
950 1875 1244 1982 responsionibus
1264 1875 1320 1954 vel

157 1995 238 2073 aliis
267 1999 480 2078 coniecturis
508 2000 627 2106 aliqua
662 2013 833 2105 appareat
865 1999 1026 2078 collusio.
1066 2002 1143 2089 Quo
1171 1998 1208 2077 in
1236 2023 1320 2076 casu

157 2121 297 2224 singula
327 2137 535 2226 argumenta
563 2149 656 2230 quae
684 2138 806 2204 contra
836 2123 975 2201 illorum
1009 2122 1250 2228 depositiones
1277 2147 1321 2199 ex

156 2247 245 2323 actis
274 2261 472 2350 emergunt,
504 2249 711 2350 singillatim
740 2249 811 2326 illis
830 2247 1059 2341 obiiciantur,
1081 2259 1124 2324 ut
1142 2269 1260 2324 rerum
1280 2271 1322 2322 ac

155 2368 327 2449 laetorum
356 2371 489 2452 veritas
516 2373 705 2453 eluceat·
723 2377 885 2451 Ceterum
913 2373 1103 2472 coniugum
1130 2369 1318 2464 confessio,

156 2520 219 2573 seu
248 2493 420 2574 factorum
447 2509 482 2576 et
511 2523 628 2576 rerum
663 2496 841 2576 enarratio
869 2509 950 2600 post
981 2495 1109 2574 initum
1137 2495 1320 2572 matrimo-

156 2620 253 2698 nium
282 2633 404 2699 contra
419 2621 577 2700 eiusdem
593 2622 747 2700 valorem
764 2620 895 2715 elicita,
914 2644 986 2698 non
1005 2621 1126 2699 statim
1145 2619 1319 2725 probandi

157 2743 226 2822 rim
256 2743 379 2838 babet,
410 2743 480 2822 imo
509 2745 585 2850 ipsa
614 2744 689 2824 sola
718 2757 753 2824 et
772 2770 835 2850 per
854 2769 892 2822 se
921 2743 1015 2820 omni
1044 2744 1079 2821 vi
1108 2756 1218 2822 caret.
1250 2747 1322 2822 Er-

158 2867 344 2974 pendenda
384 2871 477 2948 enim
515 2869 640 2948 sedulo
673 2883 728 2948 est
762 2881 797 2946 et
832 2865 1044 2947 conserenda
1078 2868 1209 2948 nedum
1243 2895 1321 2948 cum

157 3017 263 3070 sanae
292 2992 432 3071 critices
461 2993 608 3096 regulis,
639 2992 702 3071 sed
723 2992 828 3072 etiam
848 3015 928 3070 cum
948 2992 1075 3072 ceteris
1094 2992 1321 3072 recensendis

156 3117 405 3222 probationum
434 3117 639 3220 generibus,
671 3128 711 3195 ut
739 3115 832 3194 clare
848 3129 969 3222 pateat
997 3141 1043 3194 an
1070 3117 1318 3222 prevaricata,

158 3271 201 3322 an
229 3271 314 3323 vero
342 3244 380 3321 in
407 3241 588 3351 proprium
622 3241 861 3336 commodum,
893 3256 956 3321 aut
983 3267 1027 3320 ex
1062 3241 1255 3322 collusione
1283 3243 1321 3322 iu

157 3369 422 3450 sacramentalis
449 3367 581 3448 vinculi
612 3367 792 3462 iniuriam,
815 3393 934 3446 rerum
953 3367 1240 3448 circumstantias
1259 3394 1322 3447 ex-

158 3509 304 3601 ponant,
336 3495 501 3602 lactaque
529 3506 711 3573 enarrent.

234 3631 273 3700 8.
306 3619 467 3700 Alterum
504 3618 755 3726 probationum
793 3641 906 3721 genus
933 3619 971 3696 in
998 3616 1320 3698 matrimonialibus

157 3745 272 3824 causis
300 3757 385 3824 sunt
413 3751 669 3829 instrumento,
699 3767 762 3820 sen
790 3741 923 3846 scripta
944 3743 989 3821 ad
1009 3768 1126 3822 rerum
1148 3741 1253 3820 fidem
1268 3741 1321 3818 la-

157 3869 316 3948 ciendam
354 3866 531 3947 adbibita.
574 3865 724 3944 Publice
760 3878 845 3944 sunt
880 3867 934 3944 vel
965 3868 1131 3972 privato,
1167 3879 1272 3972 prout
1301 3894 1319 3942 a

160 3994 298 4098 publica
327 4017 492 4098 persona,
525 4017 588 4070 seu
617 3990 759 4097 publica
788 3995 1000 4071 auctoritate
1019 3992 1182 4092 ,solemni
1211 3992 1320 4072 forma

160 4133 352 4200 exarantur
380 4131 442 4198 ant
471 4131 679 4212 servantum
698 4163 721 4176 -
741 4131 839 4196 auta
858 4118 1007 4222 privatis
1035 4117 1196 4223 personis
1223 4117 1320 4197 nulla

161 4245 300 4348 publica
330 4243 543 4322 auctoritate
571 4243 858 4322 conscribuntur.
882 4243 983 4321 -Sic
1011 4243 1065 4322 uti
1093 4242 1235 4348 publica
1264 4243 1321 4321 in-

162 4379 356 4448 strumenta
390 4365 570 4446 habentur
611 4367 649 4444 in
692 4369 807 4444 causis
854 4365 1175 4447 matrimonialibus
1216 4392 1322 4472 paro-

163 4491 292 4572 chiales
332 4490 428 4570 libri.
474 4495 573 4570 Inter
613 4490 753 4596 privata
796 4491 1034 4572 instrumenta
1086 4506 1320 4577 accensentur
