3456 5300
792 485 829 498 ..
850 453 889 516 qq
913 489 945 498 -

295 575 369 676 gali
397 601 459 656 seu
489 577 660 682 rescripto
688 579 876 684 Principis,
908 579 1038 658 transit
1057 578 1095 656 in
1113 589 1325 682 potestatam
1354 591 1390 656 et
1409 576 1463 655 la-

282 699 430 779 ·miliam
458 699 677 804 adoptantis,
709 715 745 780 et
772 704 889 782 omnia
917 700 981 780 lilii
1009 701 1159 805 legitimi
1187 702 1266 780 iura
1293 701 1460 806 acquirit,

298 825 348 902 ita
375 835 418 902 ut
445 821 508 901 fiat
536 821 662 902 haeres
690 826 912 903 necessarius
940 823 1146 930 adoptantis
1179 849 1222 914 er
1252 835 1463 906 testamento

297 950 337 1028 in
364 961 492 1052 quarta
521 947 692 1026 bonorum
721 960 836 1052 parte.
869 947 1051 1027 Eiusmodi
1080 947 1223 1054 adoptio
1242 947 1374 1027 dicitur
1401 973 1464 1025 or-

298 1071 451 1176 ropetio.

380 1195 590 1300 lrnporseeto
617 1219 682 1274 seu
718 1193 886 1298 simplem,
914 1220 985 1300 qua
1014 1217 1165 1300 persona
1194 1207 1366 1272 extranea
1396 1191 1463 1272 sub

296 1320 449 1402 alterius
485 1330 676 1424 potestate,
712 1317 765 1396 uti
797 1331 961 1423 paterna,
1002 1317 1211 1413 constituta,
1251 1316 1318 1398 sub
1351 1341 1464 1422 eaque

301 1467 463 1538 manens,
501 1443 714 1520 auctoritato
746 1440 903 1520 cuiusvis
932 1439 1060 1520 iudicis
1087 1466 1223 1520 morum
1252 1456 1288 1520 et
1315 1443 1465 1520 mixtum

298 1566 488 1672 imperium
517 1563 698 1660 habentis,
729 1564 923 1644 assumitur
943 1564 980 1642 in
995 1563 1107 1644 filiurn
1126 1564 1181 1644 rel
1197 1577 1377 1670 nepotem,
1394 1589 1465 1642 non

300 1703 421 1770 tamen
448 1690 486 1766 in
513 1687 682 1766 familiam
710 1699 746 1766 et
774 1699 987 1792 potestatem
1017 1691 1148 1766 transit
1179 1687 1399 1792 adoptantis
1430 1698 1466 1766 et

300 1827 490 1920 propterea
516 1836 589 1892 non
603 1811 643 1892 fit
658 1811 767 1892 huius
794 1812 921 1892 haeres
941 1813 1163 1895 necessarius
1177 1837 1220 1892 es
1238 1824 1464 1906 testamento,

300 1939 386 2018 licet
413 1937 446 2016 ei
474 1936 642 2016 succedat
669 1935 714 2014 ab
744 1936 913 2016 intestato
942 1937 956 2040 l
987 1939 1017 2041 ).

382 2069 446 2140 st.
479 2065 586 2140 Porro
618 2059 788 2164 Coqnctio
816 2059 940 2164 legalis
973 2074 1028 2140 est
1060 2059 1309 2165 propinquitas
1346 2083 1469 2163 perso-

303 2211 445 2280 narum,
476 2209 569 2288 quae
597 2183 711 2262 oritur
738 2209 781 2262 er
814 2183 1001 2288 adoptione
1038 2181 1146 2288 leqali
1174 2183 1248 2285 (2).
1280 2183 1338 2260 Ite
1373 2206 1469 2262 com·
1548 2195 1551 2202 ’

302 2307 459 2386 munitor
487 2309 559 2382 dl.

255 2531 260 2540 Ι
386 2434 527 2506 Certum
547 2441 666 2506 autern
686 2441 753 2522 est,
776 2427 1021 2530 cognationem
1036 2427 1199 2530 legalem,
1217 2437 1397 2532 quatenus
1411 2435 1465 2502 est

236 2535 241 2548 ,
303 2551 595 2658 impedimentum
624 2549 793 2630 dirimens
816 2549 1093 2646 matrimonium,
1112 2551 1200 2628 oriri
1211 2575 1254 2628 ex
1279 2548 1468 2654 adoptione

300 2675 462 2786 perferto
489 2699 552 2753 seu
581 2672 808 2780 crroqotione
836 2675 850 2778 l
879 2672 909 2780 ).

382 2798 670 2880 controvertitur
697 2811 817 2878 autem
845 2800 940 2878 inter
967 2803 1041 2878 DD.
1065 2827 1110 2878 an
1134 2799 1271 2879 oriatur
1298 2799 1407 2878 etiem
1426 2822 1468 2876 ac

289 2925 450 3008 dirimat
476 2924 740 3006 matrimonium
768 2923 931 3028 cognatio
958 2923 1083 3028 legalis
1110 2949 1154 3003 es
1187 2923 1374 3030 adoptione
1401 2923 1470 3002 irn-

292 3051 458 3158 perfeotu
477 3074 541 3128 seu
560 3046 715 3153 simplici
732 3047 806 3153 (t).
821 3092 844 3106 -
857 3046 1079 3127 Probabilius
1099 3063 1135 3130 et
1154 3048 1374 3128 communius
1394 3073 1466 3126 non

302 3176 451 3270 dirimit,
483 3199 564 3253 cum
592 3173 666 3252 sola
695 3169 839 3275 adoptio
862 3172 1023 3276 perfeeto
1051 3174 1229 3254 censendo
1250 3173 1297 3252 sit
1325 3171 1469 3278 adoptio

303 3299 446 3408 proprie
474 3312 511 3377 et
538 3295 745 3401 simpliciter
782 3293 897 3374 dicta:
929 3297 1004 3376 sire
1032 3298 1116 3403 quia
1150 3323 1213 3404 pcr
1245 3297 1470 3403 adoptionem

305 3420 546 3530 imperfectam
575 3417 766 3524 adoptatus
793 3444 865 3498 non
893 3420 1021 3502 transit
1049 3421 1086 3499 in
1114 3435 1326 3526 potestatem
1354 3430 1391 3500 et
1418 3419 1472 3498 fa·
1522 3505 1525 3514 ,

304 3547 439 3628 miliam
466 3542 686 3650 adoptantis,
718 3555 754 3622 et
782 3557 1041 3648 consequenter
1069 3547 1194 3651 nequit
1217 3543 1394 3624 naturalis
1422 3545 1472 3624 si-

302 3667 544 3750 militudinem
563 3665 784 3770 cognationis
811 3663 961 3763 reterre3
979 3711 1002 3726 -
1022 3669 1097 3748 sire
1116 3670 1202 3774 quia
1221 3669 1259 3748 in
1278 3667 1468 3775 adoptione

300 3791 456 3898 simplici
486 3789 605 3870 delicit
632 3787 822 3894 praecipua
852 3789 960 3868 huius
988 3791 1231 3899 impedimenti
1265 3793 1370 3890 ratio,
1402 3796 1472 3872 soi-

380 4003 416 4076 (1)
435 4003 560 4059 Sanctior
580 4001 630 4058 tor.
650 3999 700 4058 rit.
721 4017 751 4057 n.
771 4005 798 4057 t.
819 4015 853 4058 err
873 4003 923 4059 rit.
944 4003 1018 4059 iure.
1365 4051 1367 4058 ,

374 4093 408 4164 lit
429 4093 500 4148 lere
518 4089 706 4148 eerrlestustiro
728 4089 969 4164 approbatores
987 4091 1072 4150 eicite
1084 4125 1102 4134 -
1116 4094 1213 4174 adiicit
1233 4094 1349 4166 Pirlriug
1371 4092 1421 4149 tib.
1443 4097 1469 4147 t.

300 4182 352 4240 tit.
374 4187 416 4239 t2.
437 4199 467 4238 n.
487 4187 515 4238 5.

376 4269 414 4345 (3)
436 4272 595 4330 Leurenius
617 4271 669 4328 tto.
692 4277 717 4328 t.
739 4271 785 4330 tit.
808 4277 850 4328 ttt.
871 4279 980 4345 queret.
1001 4279 1064 4330 tlt.
1084 4291 1114 4332 n.
1132 4281 1158 4331 t.
1172 4277 1262 4332 citans
1285 4275 1360 4348 loges
1379 4281 1406 4332 et
1424 4287 1473 4362 ea·

302 4375 411 4428 nones;
426 4362 581 4420 -Sanchaz
603 4361 622 4418 t.
643 4377 667 4419 r.
688 4377 719 4418 n.
743 4365 785 4418 tt.

378 4447 416 4523 (tt
436 4449 557 4509 Leuren.
581 4450 630 4508 tce.
650 4447 699 4507 rit.
719 4465 751 4506 n.
771 4456 802 4515 2,-
817 4481 836 4490 -
849 4449 973 4508 senonen
994 4451 1044 4508 tor.
1065 4451 1113 4510 rit.
1134 4469 1187 4512 nn.
1207 4461 1271 4511 8-9.
