3446 5298
848 435 1024 498 -378-

351 581 429 634 nem
450 555 602 650 reiiciat,
626 558 682 635 vel
702 560 780 636 eius
810 583 958 638 examen
988 559 1094 638 alicui
1130 583 1173 636 ex
1193 559 1298 637 dictis
1313 509 1528 661 'Congrege-

351 679 509 758 tionibus
538 681 752 776 committat,
784 708 892 786 aqua
920 697 1152 787 posteaquam
1172 709 1277 761 suum
1298 697 1418 761 votum
1441 707 1528 761 con·

348 804 519 882 sultivum
548 805 685 883 editum
705 805 828 900 luerit,
861 833 881 884 a
910 811 1110 886 Secretario
1135 806 1294 884 eiusdem
1327 811 1529 908 Congrege-

350 929 455 1005 tionis
490 929 602 1006 totius
630 931 765 1032 nogotii
801 933 911 1008 series
941 943 1063 1009 exacto
1093 955 1240 1008 romano
1269 929 1431 1009 Pontifici
1461 955 1527 1034 pro

349 1063 506 1156 tempore
537 1051 728 1147 referatur,
760 1055 823 1158 qui
852 1079 917 1158 pro
945 1081 1009 1132 sua
1039 1053 1231 1158 prudentia
1261 1053 1449 1147 iudicabit,
1477 1079 1526 1130 an

349 1179 642 1280 Congregationis
672 1178 842 1257 resolutio
871 1180 918 1256 sit
947 1179 1199 1284 approbanda,
1232 1179 1287 1256 vel
1317 1179 1436 1283 potius
1470 1192 1527 1256 to-

350 1300 423 1377 tius
460 1325 589 1378 causae
620 1327 770 1380 examen
803 1302 905 1379 alteri
944 1303 1215 1405 Congregationi
1244 1302 1300 1379 vel
1335 1300 1524 1392 tribunali,

349 1435 456 1526 prout
483 1423 598 1502 eidem
629 1425 792 1503 Pontilici
813 1425 1007 1520 videbitur,
1039 1451 1166 1503 rursus
1185 1424 1495 1504 committendum.

428 1551 467 1648 ς.
503 1555 564 1625 16.
590 1551 737 1626 llemum
757 1549 921 1628 volumus
941 1574 982 1627 ac
1001 1548 1241 1641 decernimus
1260 1547 1402 1626 easdem
1420 1571 1528 1651 prac-

347 1685 468 1750 sentes
498 1672 619 1752 literas
647 1697 787 1778 semper
814 1673 947 1768 firmas,
970 1673 1108 1752 validas
1136 1687 1172 1752 et
1191 1673 1352 1750 efficaces
1370 1673 1526 1750 existere

348 1811 384 1875 et
416 1796 503 1892 lore,
545 1823 700 1902 suosque
738 1799 917 1902 plenarios
955 1812 992 1877 et
1025 1799 1182 1900 integros
1220 1797 1367 1876 effectus
1404 1796 1525 1874 sortiri

348 1934 386 1999 et
414 1920 591 2012 obtinere,
624 1921 738 2000 acab
775 1922 859 2014 illis,
892 1921 937 2000 ad
965 1947 1056 2026 quos
1084 1935 1237 2025 spectat,
1269 1935 1306 2000 et
1334 1945 1398 2025 pro
1435 1935 1528 2000 tem-

347 2067 431 2149 pore
460 2043 758 2149 quandocumque
786 2044 977 2149 spectabit,
1000 2045 1037 2122 in
1065 2044 1230 2122 omnibus
1258 2057 1295 2122 et
1322 2069 1385 2148 per
1402 2043 1521 2120 omnia

348 2168 553 2272 plenissime
594 2181 631 2246 et
672 2169 927 2248 inviolabiliter
966 2167 1161 2246 observari.
1208 2168 1335 2272 Sicque
1373 2181 1410 2245 et
1453 2191 1526 2244 non

348 2293 453 2371 aliter
481 2319 543 2397 per
570 2317 813 2398 quoscumque
842 2293 983 2371 ludices
1020 2291 1219 2376 ordinarios
1247 2305 1283 2369 ct
1311 2289 1523 2392 delegatos,

347 2416 454 2493 etiam
483 2441 670 2494 causarum
699 2415 826 2493 Palatii
855 2415 1039 2519 apostolici
1070 2415 1281 2507 auditores,
1314 2438 1354 2490 ac
1382 2413 1526 2492 eosdem

350 2544 387 2617 S.
419 2543 465 2618 R.
498 2545 541 2618 E.
578 2539 798 2634 CardinaleS,
830 2540 938 2618 etiarn
966 2540 1010 2617 de
1038 2539 1150 2617 latere
1171 2538 1325 2640 legurm,
1359 2549 1395 2615 et
1414 2561 1446 2614 s.
1464 2540 1529 2614 Se-

347 2663 402 2742 dis
423 2666 591 2759 NuntioS,
623 2664 755 2742 aliosve
783 2663 962 2768 quoslibet
990 2689 1215 2767 quacumque
1236 2661 1528 2767 praeeminentia

349 2803 386 2868 et
414 2787 811 2895 potestate'lungentes
840 2803 876 2866 et
904 2788 1103 2882 iuncturos,
1137 2787 1284 2866 sublata
1314 2789 1367 2865 eis
1404 2801 1442 2865 et
1470 2812 1530 2864 eo-

349 2939 426 2991 rum
456 2913 604 3014 cuilibet
622 2913 750 3017 quavis
779 2912 883 2990 aliter
911 2911 1094 2992 iudicandi
1123 2925 1159 2992 et
1179 2911 1440 3014 interpretandi
1474 2911 1528 2988 la-

347 3040 484 3117 cultate
524 3051 560 3117 et
598 3039 825 3131 auctoritate,
857 3036 991 3143 ubique
1028 3038 1177 3116 iudicari
1214 3051 1249 3115 et
1287 3037 1427 3115 deliniri
1465 3035 1529 3115 de-

346 3161 444 3255 bere,
468 3187 509 3239 oc
538 3161 686 3240 irritum
714 3173 747 3240 et
766 3161 887 3247 icone,
909 3161 938 3238 si
959 3186 1061 3238 secus
1089 3185 1198 3265 super
1226 3159 1283 3238 his
1303 3187 1323 3236 a
1342 3185 1524 3264 quoquam

346 3289 473 3390 quavis
502 3285 715 3364 auctoritate
744 3288 897 3364 scienter
926 3283 981 3362 rel
1011 3285 1218 3386 ignoranter
1248 3283 1442 3385 contigerit
1470 3295 1527 3360 at-

346 3411 492 3487 tentari.
525 3413 604 3488 Non
623 3408 851 3486 obstantibus
890 3407 1093 3512 praemissis
1122 3433 1163 3486 ac
1203 3405 1526 3486 constitutionibus

345 3547 382 3613 et
409 3531 696 3612 ordinationibus
734 3533 950 3635 apostolicis,
989 3556 1053 3609 nec
1087 3557 1157 3608 non
1190 3530 1386 3636 quibusvis
1416 3530 1524 3608 otiam

344 3656 558 3742 iuramento,
581 3653 847 3734 confirmatione
875 3655 1069 3758 apostolica
1098 3655 1155 3732 vel
1196 3654 1326 3758 quavis
1354 3653 1524 3732 firmitate

339 3778 410 3856 alia
431 3777 620 3871 roboratis,
639 3777 786 3855 statutis
802 3789 838 3856 et
856 3776 1198 3872 consuetudinibus,
1219 3777 1416 3882 privilegiis
1432 3801 1524 3880 quo-

338 3927 424 4007 que,
448 3901 597 3980 indultis
625 3915 662 3980 et
690 3901 804 3980 literis
833 3903 1037 4006 apostolicis
1066 3903 1134 3981 sub
1157 3903 1447 4009 quibuscumque
1467 3915 1523 3980 tc-

341 4029 490 4107 noribus
525 4027 714 4106 vorborum
744 4041 780 4106 et
818 4027 953 4122 formis,
986 4053 1028 4105 ac
1067 4053 1146 4106 cum
1189 4027 1380 4132 quibusvis
1413 4029 1522 4105 etiam

342 4152 647 4255 derogatoriarum
676 4151 922 4254 derogatoriis,
946 4151 1098 4255 aliisque
1126 4149 1385 4261 efficacioribus
1406 4163 1443 4228 et
1461 4150 1519 4228 in-

342 4277 458 4355 solitis
495 4275 667 4354 clausulis
694 4274 991 4379 irritantibusque
1030 4287 1066 4352 ct
1104 4275 1183 4354 aliis
1222 4275 1376 4355 decretis
1410 4274 1518 4353 etiam

343 4413 455 4494 motu,
487 4400 637 4480 scientia
665 4413 701 4478 et
729 4401 917 4504 potestatis
944 4398 1169 4504 plenitudine
1197 4399 1346 4504 paribus
1380 4399 1415 4476 in
1455 4423 1523 4500 ge·
