3402 5292
650 411 825 474 -329-

159 531 316 636 chirurgi
345 533 547 638 potuissent
565 549 601 616 et
631 535 748 616 lorsan
768 535 991 628 debuissent,
1024 535 1103 614 ideo
1132 534 1221 614 baec
1252 535 1328 616 cla-

158 657 235 736 rins
263 657 485 738 enucleanda
504 673 573 753 est,
604 659 699 764 quod
727 660 851 769 paneis
870 657 1067 752 conficiam,
1091 658 1326 751 ostendenda,

161 781 420 885 impotentiam,
450 807 522 886 qna
551 786 655 862 Caius
688 797 784 862 certo
809 783 960 878 laborat,
997 807 1041 860 cs
1069 796 1200 860 natum
1232 807 1325 876 esse,

161 927 225 982 seu
253 903 348 1008 quod
378 903 471 984 idem
490 919 558 1000 cst,
581 906 666 984 oriri
696 933 740 986 en
759 933 867 986 causa
885 904 1102 1010 sripiditctis
1123 906 1324 1008 organicae,

162 1049 254 1130 qnae
280 1039 453 1131 perpetuu
479 1027 657 1106 censenda
686 1043 754 1108 est.
997 1041 998 1046 '

244 1159 307 1229 23.
340 1155 385 1229 Et
412 1177 450 1232 re
483 1150 627 1254 quidem
655 1178 739 1232 vera
776 1152 906 1257 fripidi
934 1153 972 1232 in
1000 1179 1064 1232 sun
1098 1156 1241 1258 propria
1270 1175 1330 1230 uc

163 1278 326 1378 ceptione
355 1273 525 1358 dicuntur
552 1277 615 1380 qui
643 1275 688 1354 ab
716 1277 874 1380 partitam
902 1276 1111 1379 genitalium
1134 1277 1326 1380 ignaviam,

129 1383 132 1390 ⁴
161 1396 209 1478 ab
238 1397 483 1478 imbecillitate
509 1400 622 1478 nativi
651 1399 778 1480 celeris
797 1399 1047 1506 prodeuntem,
1078 1399 1125 1478 ad
1144 1400 1275 1478 coitum
1294 1402 1332 1477 in

164 1534 282 1603 aetate
311 1523 422 1600 babili
451 1537 537 1602 sunt
565 1525 793 1629 impotentes.
825 1528 883 1603 lta
910 1523 1086 1628 accipitur
1111 1524 1178 1602 hoc
1210 1523 1329 1626 [rigidi

164 1667 292 1724 nomen
321 1643 417 1750 apud
455 1646 644 1750 utriusque
676 1647 941 1752 iurisperitus,
972 1659 1007 1726 et
1035 1660 1135 1752 patet
1172 1647 1223 1726 sic
1254 1670 1332 1725 esse

161 1767 407 1872 accipiendum
436 1793 480 1848 ex
510 1768 625 1848 titulis
654 1769 869 1874 descipulis
898 1783 931 1850 et
958 1770 1081 1875 malef.
1112 1770 1175 1850 lib.
1195 1780 1231 1848 t.
1266 1778 1334 1850 De-

164 1890 349 1972 arctabat
377 1892 462 1972 alibi
490 1895 636 2004 passim,
667 1896 774 1974 etita
803 1895 931 1974 docent
959 1895 1021 1999 qni
1049 1894 1093 1973 de
1113 1921 1151 1974 re
1172 1895 1332 1976 medico·

164 2015 269 2118 legali
302 2017 522 2121 scripserunt
550 2018 648 2124 (Cfr
676 2017 845 2096 Zacabiae
874 2018 1091 2124 quaestiones
1120 2019 1331 2099 mediae-le-

164 2141 260 2246 pales
288 2157 373 2222 tom.
407 2153 444 2222 2.
467 2141 530 2221 lib.
554 2153 591 2224 9.
616 2144 673 2220 tit.
698 2151 736 2222 3.
759 2155 895 2248 quaest.
920 2153 957 2222 2.
977 2168 1075 2222 num.
1098 2145 1153 2248 l).
1171 2145 1333 2224 Hincest

164 2265 261 2371 qnod
286 2266 324 2346 hi
355 2267 420 2370 qni
446 2281 630 2370 nequeunt
657 2265 763 2359 coire,
795 2268 971 2346 communi
1000 2267 1138 2347 ratione
1166 2267 1334 2372 loquendi

166 2391 336 2486 dicuntur
365 2391 587 2495 impotentes,
616 2403 653 2468 et
680 2389 711 2468 si
738 2388 882 2494 quidem
910 2390 1036 2468 uitium
1064 2404 1241 2469 anauua
1270 2391 1332 2477 sit,

166 2513 298 2618 sripidi
325 2515 566 2620 appellantur.
590 2559 613 2574 -
632 2519 740 2593 Porro
759 2515 853 2592 inter
880 2514 982 2617 signa
1001 2513 1208 2617 frigiditatis
1227 2529 1335 2592 nato.

167 2640 268 2732 ralis,
301 2639 401 2733 baec,
429 2639 473 2718 ad
494 2653 717 2744 praesentem
737 2639 982 2743 quaestionem
1003 2637 1252 2732 dirimendam,
1275 2664 1333 2716 re·

166 2787 313 2844 censere
341 2764 493 2842 sufficiat
512 2787 592 2841 cum
620 2766 683 2841 cit.
715 2763 877 2857 bacchia,
904 2787 983 2840 cum
1003 2762 1161 2840 Sancbeu
1180 2777 1217 2840 et
1236 2761 1330 2840 eliis.

171 2919 189 2960 ‹
213 2887 414 2965 Secundum
443 2889 583 2990 signum
603 2885 778 2964 naturalis
798 2885 1019 2988 frigiditatis,
1051 2899 1092 2964 nt
1110 2885 1234 2964 scribit
1250 2891 1335 2963 Zac-

165 3043 189 3084 <
212 3011 306 3103 chia,
325 3023 378 3090 est
398 3011 554 3115 partium
573 3010 789 3114 principum,
807 3007 998 3112 praecipue
1017 3008 1244 3113 pauitolium,
1267 3034 1336 3086 nan

170 3165 190 3208 a
212 3133 392 3213 naturalis
412 3133 662 3238 conformatio,
679 3145 718 3211 ut
732 3131 926 3210 membrum
945 3134 1051 3210 nimis
1066 3158 1239 3237 pareunt:
1260 3133 1337 3211 eni-

172 3291 190 3330 «
215 3260 333 3360 gaitae
351 3261 446 3336 enim
470 3273 507 3337 et
525 3257 694 3338 materiae
713 3256 929 3362 paucitatem
956 3269 991 3336 et
1010 3258 1154 3336 uirtutis
1178 3255 1337 3334 imbecil-

172 3415 191 3456 ‹
214 3382 351 3461 litatem
371 3383 532 3461 denotat.
557 3381 713 3460 Tertium
733 3379 892 3458 eiusdem
912 3379 1061 3457 membri
1081 3380 1187 3458 etiam
1204 3381 1336 3483 optime

171 3507 421 3586 ‹canlormati
450 3505 666 3610 (inauditas,
696 3519 732 3582 et
760 3502 997 3582 inenodabilis
1025 3502 1208 3588 mollitias,
1225 3503 1336 3581 veluti

169 3663 191 3704 ‹
213 3629 404 3735 decrepitis
423 3629 566 3722 accidit,
599 3627 794 3734 dequibus
817 3628 1002 3706 luvenalis
1021 3642 1092 3706 sat.
1118 3637 1252 3724 10....;
1272 3641 1338 3707 ant

167 3787 191 3830 «ι
214 3755 309 3859 qnod
330 3755 469 3834 etiamsi
500 3755 675 3859 tantisper
694 3753 873 3857 eripatur,
900 3751 1090 3832 miccinam
1120 3752 1285 3858 teinperis
1301 3752 1340 3830 in

164 3911 188 3952 a
213 3880 384 3958 erectione
408 3880 600 3984 perdurat,
629 3877 688 3957 scd
717 3875 901 3981 confestim
930 3875 1341 3982 elanpuescit....0ner·

165 4035 188 4076 «
215 4016 305 4096 tum,
336 4002 476 4080 aversio
507 4001 682 4106 quaedam
719 3999 963 4078 connaturalis
991 4027 1012 4078 a
1039 4001 1248 4079 commercio
1277 4025 1340 4077 ve-

164 4159 187 4200 «
215 4152 336 4222 nereo,
367 4141 403 4205 et
430 4127 618 4232 quibusvis
638 4123 800 4202 venereis
829 4123 959 4203 rebus:
996 4151 1076 4204 cnm
1104 4126 1198 4204 enim
1219 4125 1338 4226 frigidi

165 4281 190 4324 a
218 4275 338 4329 manen
365 4263 429 4328 ant
465 4275 537 4327 non
565 4259 749 4352 generent,
781 4259 845 4324 not
873 4249 1073 4350 quantitate
1106 4249 1277 4353 enipeum
1304 4261 1340 4325 et

165 4407 190 4450 α
214 4399 351 4478 prauae
379 4371 583 4479 paralitatis,
613 4385 715 4450 tenue
733 4393 859 4472 nempe
888 4384 923 4449 et
943 4398 1130 4478 aquosum,
1159 4372 1339 4476 nullisque
