3424 5300
661 456 776 522 ..199
795 489 832 504 -

167 585 248 690 gula
276 585 461 664 continent
488 597 624 690 partem
653 583 875 678 intentionis
895 607 958 664 seu
978 583 1014 664 id
1034 586 1129 690 quod
1144 587 1225 690 quis
1244 611 1326 693 pro-

166 711 252 790 bare
279 708 448 802 intendit,
478 722 565 814 puta
592 733 656 814 per
683 721 807 804 testes,
839 709 1088 805 instrumenta,
1112 710 1234 791 literas
1253 726 1323 793 etc.

166 861 252 914 casu
278 836 501 941 praesertim,
533 859 604 938 quo
632 835 825 939 positiones
844 835 889 913 ab
910 835 1113 914 adversario
1132 853 1323 941 negentur.

165 1008 189 1023 -
208 967 323 1052 Quare
361 959 509 1040 articuli
537 989 557 1038 a
582 959 813 1066 positionibus
846 960 1016 1040 dillernnt
1052 962 1190 1042 ratione
1227 963 1323 1060 lauis,

165 1086 251 1166 dnm
287 1085 482 1192 positiones
513 1085 710 1190 respiciunt
746 1085 856 1163 solnm
895 1086 1008 1189 partis
1044 1084 1323 1184 confessionem

165 1210 307 1291 articuli
336 1235 420 1288 vero
448 1209 692 1314 probationem
723 1208 918 1288 laciendum
947 1211 963 1316 (
991 1211 1021 1315 ).

244 1332 398 1413 Articuli
425 1348 544 1414 autem
572 1333 747 1412 contrarii
774 1332 942 1414 dicuutur
961 1337 1023 1440 qui
1043 1335 1098 1412 vel
1117 1333 1251 1416 directe
1270 1337 1328 1416 vel

165 1460 337 1540 indirecte
366 1459 579 1566 depositioni
607 1460 766 1554 testium,
798 1483 887 1562 quos
907 1459 1019 1538 altera
1038 1483 1122 1566 pars
1139 1458 1324 1566 produxit,

166 1587 416 1668 adversantur.

246 1709 401 1788 Articuli
419 1722 602 1814 praeterea
622 1708 682 1787 alii
698 1708 865 1788 dicuntur
883 1707 1041 1815 antiqui,
1066 1709 1128 1788 alii
1148 1709 1247 1798 noui,
1268 1709 1329 1790 alii

165 1834 391 1943 dependentes
420 1833 466 1912 ab
496 1833 667 1938 antiquis.

246 1958 393 2064 Antiqui
421 1957 590 2038 ditentur
618 1957 769 2037 articuli
787 1961 848 2064 qni
869 1970 973 2038 antea
988 1957 1160 2065 propositi
1181 1957 1328 2040 luerunt

165 2087 204 2164 in
231 2083 350 2164 libello
377 2096 419 2162 ut
447 2081 697 2188 probarentur,
729 2097 766 2162 ot
792 2109 899 2190 super
927 2084 983 2162 his
1010 2095 1122 2163 testes
1142 2083 1319 2188 producti,

166 2211 233 2290 rita
261 2211 392 2315 recepti
421 2233 462 2288 ac
480 2209 673 2288 examinati
688 2222 786 2304 sunt,
809 2223 916 2314 atque
935 2233 1056 2287 eorum
1075 2205 1323 2288 attestationes

168 2337 235 2413 rite
262 2333 479 2440 publicatae.

244 2457 398 2538 Articuli
426 2459 567 2539 omnino
586 2461 668 2538 novi
687 2457 868 2552 dicuntur,
889 2459 953 2562 qui
969 2459 1138 2563 propositi
1158 2483 1230 2536 non
1248 2457 1328 2537 lue-

167 2599 266 2680 runt,
297 2583 405 2664 etad
435 2609 577 2664 causam
604 2607 677 2663 non
704 2583 899 2689 pertinent,
931 2582 1100 2686 nulloque
1128 2581 1231 2662 modo
1250 2585 1326 2662 sive

167 2709 297 2790 actoris
324 2714 397 2788 sire
425 2707 477 2786 rei
505 2709 739 2788 intentionem
768 2707 952 2786 adiuvant.

243 2832 397 2914 Articuli
415 2857 486 2924 nou
514 2835 657 2912 omnino
684 2833 779 2927 nori,
811 2831 872 2910 sed
900 2830 1128 2936 dependentes
1156 2831 1201 2911 ab
1230 2834 1326 2912 auti-

164 2959 259 3065 qniS,
292 2958 328 3036 hi
357 2970 442 3036 suut
469 2957 531 3062 qni
560 2957 730 3062 propositi
759 2981 801 3034 ac
820 2955 958 3060 probati
981 2955 1155 3034 adiuvant
1181 2981 1325 3035 cansam

164 3111 227 3165 sea
255 3083 487 3163 intentionem
516 3081 667 3186 agentis.
700 3080 801 3159 Tales
828 3093 914 3160 sunt
941 3081 1002 3185 qui
1033 3079 1078 3158 ad
1098 3079 1227 3159 lactum
1243 3084 1325 3187 qui·

164 3211 242 3290 dem
270 3235 333 3289 seu
361 3235 503 3290 oausam
530 3207 726 3314 pertinent,
758 3205 821 3288 sed
841 3205 939 3284 nulla
959 3229 1067 3312 super
1087 3205 1143 3284 his
1163 3205 1325 3310 probatio

166 3334 337 3441 producta
366 3335 434 3413 luit
462 3333 477 3437 (
506 3335 536 3437 ).

218 3469 282 3541 20.
302 3467 350 3538 De
365 3457 697 3564 interroputionillus
709 3468 741 3535 ct
758 3455 1089 3560 r'noestiputiouilrus
1099 3455 1272 3562 faciendis
1288 3457 1326 3535 in

165 3587 274 3693 specie
279 3611 347 3691 pro
356 3583 504 3689 sinpulis
516 3582 773 3689 impedimentis
785 3580 1321 3662 matrimoniumdirimentiltus.

244 3720 330 3794 Cum
358 3739 465 3793 causa
494 3711 537 3792 da
566 3710 780 3790 matrimonii
800 3709 917 3788 valore
937 3708 1117 3814 abaliquo
1135 3721 1324 3788 enascatur

164 3838 415 3945 impedimento
442 3836 705 3918 matrimonium
733 3834 934 3928 dirimente,
967 3833 1050 3913 hinc
1078 3835 1326 3937 interrogatio-

165 3989 229 4045 nes
258 3964 295 4043 ia
323 3963 441 4070 specie
478 3959 715 4040 ellormandae
749 3971 857 4065 atque
891 3957 1207 4072 accommodandae
1239 3972 1324 4038 sunt

165 4091 211 4170 ad
238 4087 481 4195 impedimenti
501 4089 652 4193 speciem
671 4097 707 4164 et
726 4109 853 4164 causae
873 4086 1169 4164 circumstantias.
1193 4090 1321 4164 Verum

236 4320 271 4394 (ll
292 4321 412 4378 Leucon.
435 4317 486 4375 tto.
506 4321 532 4374 2.
553 4315 601 4373 tit.
621 4320 665 4374 2ο.
685 4319 793 4388 quant.
815 4317 876 4370 ott.
896 4319 923 4370 et
941 4325 1016 4386 seqq.

238 4411 271 4482 (2)
290 4411 407 4482 Pirhing
427 4408 478 4466 tto.
499 4413 525 4462 2.
545 4407 593 4463 ttt.
614 4411 657 4467 2ο,
679 4404 713 4460 dc
732 4402 1070 4460 tacitaetacitae.
1087 4405 1229 4476 222225,
1245 4410 1323 4465 m.

163 4498 216 4558 uhi
234 4505 263 4558 et
281 4499 412 4572 exempla
432 4493 539 4570 proten
556 4507 592 4552 cx
611 4495 666 4552 un.
686 4499 714 4554 et
731 4507 766 4551 ex
785 4491 973 4551 decretalium
991 4491 1150 4565 capitibus.
