3424 5300
892 474 929 488 -
954 441 1010 506 130
1032 475 1069 490 -

391 565 555 676 pollione
582 568 790 658 honestatis,
817 571 931 676 primo
958 571 1004 652 ad
1031 569 1269 652 accusandum
1298 569 1558 649 matrimonium

395 691 636 774 admittuntur
655 709 835 800 parentes,
858 696 942 776 dein
961 696 1089 776 iratres
1108 710 1146 775 et
1163 721 1303 775 sorores
1322 695 1454 799 aliique
1475 720 1559 774 con·

397 817 598 919 sanguinei,
641 833 680 898 et
716 820 772 898 his
813 819 1061 900 deficientibus
1102 819 1341 900 admittuntur
1377 817 1554 898 extranei.

399 939 524 1020 «Ideo
553 943 661 1039 enim,
692 944 743 1024 ait
771 944 948 1040 Pontifex,
978 947 1130 1024 mraxime
1157 959 1337 1051 parentes,
1368 946 1462 1025 etsi
1498 945 1558 1024 de-

398 1062 573 1147 «luerint
604 1083 785 1174 parentes,
818 1070 1051 1176 proximiores
1092 1070 1354 1166 admittuntur,
1393 1073 1558 1176 quoniam

400 1219 419 1262 s
441 1191 689 1298 unusquisque
708 1219 809 1272 suam
829 1195 1069 1298 genealogiam
1088 1221 1168 1276 cum
1183 1194 1336 1274 testibus
1355 1195 1554 1287 otmarus,

400 1344 418 1388 ›
440 1316 641 1399 tumetium
661 1341 705 1394 ex
725 1317 935 1398 recitatione
954 1319 1127 1398 maiorum
1146 1319 1236 1398 scire
1255 1317 1420 1398 laborant
1442 1349 1460 1394 s
1483 1317 1498 1424 (
1526 1317 1554 1421 ).

475 1439 515 1545 d)
545 1445 693 1522 Morum
711 1443 742 1522 si
761 1443 1054 1550 impedimentum
1081 1457 1135 1524 est
1170 1443 1287 1539 aliud,
1317 1469 1351 1524 e.
1379 1469 1415 1546 g.
1446 1441 1558 1546 desen

394 1575 450 1642 tos
474 1565 625 1670 porceti
656 1565 712 1646 vet
730 1567 891 1655 testium,
909 1567 1084 1673 professio
1103 1566 1288 1673 reliqiostn
1308 1580 1449 1674 praeter
1464 1567 1558 1672 ipsos

395 1691 564 1796 coniuges
591 1707 628 1774 et
645 1697 944 1798 consanguineos,
976 1695 1216 1776 admittuntur
1242 1695 1289 1774 ad
1322 1693 1557 1774 accusandum

395 1815 659 1896 matrimonium
686 1819 793 1900 etiam
820 1819 982 1900 extranei
1011 1845 1154 1900 veraces
1174 1834 1210 1900 et
1224 1843 1296 1900 non
1313 1831 1500 1924 suspectae
1519 1817 1559 1896 li·

397 1938 468 2034 dei,
500 1942 652 2021 maxime
680 1941 710 2020 si
738 1944 831 2022 inter
859 1969 897 2023 se
925 1945 1098 2024 interesse
1127 1943 1386 2050 habeant).

479 2075 516 2146 5.
547 2067 594 2146 Hi
622 2081 740 2146 autem
769 2093 904 2164 omnes,
935 2069 998 2173 qni
1013 2093 1179 2148 accusare
1199 2067 1461 2148 matrimonium
1480 2091 1559 2173 pos·

397 2203 496 2284 sunt,
528 2190 768 2272 admittuntur
797 2193 903 2272 etiam
932 2191 976 2270 ad
1005 2193 1246 2272 testimoninm
1274 2190 1458 2270 ferendum
1477 2215 1559 2268 con-

398 2327 453 2393 tra
480 2313 572 2394 illud
598 2315 653 2398 uel
682 2341 745 2422 pro
773 2317 848 2412 illo,
879 2315 1068 2396 dummodo
1102 2331 1220 2396 tamen
1252 2316 1351 2396 nulla
1378 2316 1467 2394 iuris
1498 2340 1560 2394 ex-

397 2439 560 2552 ceptione
587 2465 608 2518 a
635 2439 859 2520 testificando
889 2439 1110 2546 repellantur
1129 2439 1203 2546 (3).
1226 2439 1370 2520 -Unde
1398 2439 1560 2546 quamvis

397 2575 500 2668 pater
528 2564 566 2640 in
593 2563 673 2644 aliis
701 2567 819 2644 causis
846 2562 909 2642 filii
928 2564 1004 2644 sive
1028 2563 1193 2644 civilibus
1221 2563 1295 2644 sive
1316 2563 1559 2643 criminalibus

399 2687 606 2768 testis-esse
634 2702 805 2793 nequeat,
828 2691 865 2768 in
884 2688 1001 2768 oensis
1020 2701 1140 2768 tamen
1159 2687 1480 2768 matrimonialibus
1498 2687 1559 2766 lilii

398 2823 434 2890 et
461 2813 716 2916 consanguinei
734 2827 771 2894 et
784 2826 886 2918 pater
905 2827 942 2893 et
960 2811 1088 2892 [ratres
1102 2813 1236 2917 aliique
1255 2814 1429 2916 sanguine
1450 2811 1561 2890 iuncti

399 2948 509 3016 testes
537 2959 615 3016 esse
633 2949 784 3042 possunt
804 2935 878 3042 (l).
901 2935 1035 3016 Iudicis
1054 2949 1173 3016 autem
1188 2937 1337 3016 arbitrio
1356 2936 1563 3040 relinquen-

399 3057 497 3156 dum,
529 3075 570 3141 ut
598 3086 641 3140 ex
669 3062 945 3142 circumstantiis
971 3059 1156 3164 dignoscat
1188 3060 1415 3167 quandonam
1434 3085 1564 3166 paren-

400 3196 475 3262 tum
504 3185 746 3266 testimonium
774 3197 979 3291 suspectum
1006 3185 1224 3264 censendum
1253 3185 1342 3290 sit(
1371 3185 1400 3289 ).

480 3315 517 3388 6.
549 3309 602 3388 db
617 3312 842 3390 accusatione
862 3309 1091 3404 matrimonii,
1110 3323 1180 3390 eta
1200 3307 1424 3390 testificando
1439 3321 1563 3390 contra

400 3429 489 3510 illud
518 3431 573 3514 vel
601 3458 665 3538 pro
693 3459 748 3528 eo,
780 3434 818 3512 in
845 3435 962 3540 specie
989 3433 1214 3540 repelluntur

480 3554 520 3660 o)
548 3557 614 3650 Qui
643 3558 759 3664 turpis
786 3573 958 3664 quaestus
985 3584 1093 3640 causa
1120 3572 1304 3654 accusant,
1336 3557 1473 3639 seilicet
1498 3559 1564 3664 qui

470 3822 509 3897 tl)
527 3827 594 3900 Cap.
614 3825 733 3884 uidetur
750 3830 776 3894 3,
799 3826 853 3900 qni
872 3825 1102 3884 motrtmnttum
1119 3832 1389 3899 announcement
1401 3831 1453 3884 etc.
1466 3826 1567 3884 -Vide
1696 3851 1697 3870 ÷

400 3915 446 3972 cit.
468 3917 523 3971 DD.
543 3921 570 3971 et
589 3915 755 3987 praesertim
776 3913 959 3971 Reldenstuel
982 3915 1001 3971 l.
1022 3930 1046 3971 c.
1059 3931 1092 3972 o.
1111 3922 1137 3971 t.

469 4003 509 4076 (tl
525 4003 659 4062 Gonralen
680 4005 700 4062 l.
720 4020 743 4062 o.
775 4002 956 4062 Reideustuel
982 4003 1057 4060 told.
1077 4019 1107 4060 n.
1132 4007 1158 4058 7.
1185 4017 1251 4062 cum
1276 4005 1424 4064 commum
1442 4019 1480 4066 ex
1499 4019 1566 4078 cap.

395 4091 550 4164 perlatum
570 4097 594 4162 t,
617 4093 651 4150 de
668 4092 709 4151 iis
727 4107 800 4166 quoe
817 4094 848 4150 ot
865 4085 991 4150 natusne
1009 4105 1099 4150 consa
1117 4089 1205 4162 flunt.

469 4181 509 4258 (3)
528 4181 710 4240 Reidenstnel
729 4181 800 4242 ibid.
819 4199 851 4240 u.
874 4185 918 4238 tt.
936 4195 1003 4240 cnm
1021 4180 1169 4238 communi
1187 4194 1225 4238 ex
1243 4195 1306 4252 cap.
1326 4181 1390 4240 licet
1410 4185 1452 4250 47,
1476 4181 1513 4240 de
1532 4190 1570 4242 te·

399 4273 493 4331 eticae
511 4279 537 4330 et
555 4280 685 4330 attentat.

471 4361 509 4434 (4)
526 4361 604 4418 Idem
623 4375 690 4418 cnm
709 4359 775 4418 aliis
794 4375 831 4418 ex
849 4375 911 4434 rap.
933 4359 1048 4420 nidum
1066 4362 1092 4426 o,
1113 4360 1169 4432 qut
1186 4360 1323 4420 mentm.
1343 4373 1487 4420 ammone
1512 4369 1569 4422 etc.

472 4451 512 4524 (5)
531 4451 626 4510 nobas
646 4451 674 4508 le.
696 4457 718 4508 t.
738 4467 770 4510 n.
789 4457 817 4508 t.
