3444 5302
735 435 894 488 -V11—

231 571 370 634 saurae
406 545 722 657 Oongrcgationi
762 547 803 632 in
843 549 974 658 gradu
1017 543 1294 656 appellationis
1333 547 1405 630 de-

230 685 336 791 latis,
357 717 489 776 mcam
511 689 927 777 Eminentissimorum
951 693 1117 774 Petrum
1143 687 1289 774 iudicio
1310 715 1404 773 sen·

229 829 397 916 tentiam
430 831 679 919 subiicerem.

323 973 454 1079 Quum
476 982 612 1060 autem
630 1004 764 1062 meum
784 975 979 1085 hocopus
1000 976 1075 1060 sub
1098 972 1268 1058 alicuius
1286 1001 1403 1084 prae-

231 1116 373 1202 stantis
405 1117 489 1206 Viri
532 1119 719 1230 auspiciis
752 1121 872 1205 edere
912 1117 1110 1218 duxerim,
1144 1143 1225 1226 quo
1257 1142 1403 1201 eorun-

231 1262 323 1345 dem
353 1261 540 1346 tenuitati
562 1263 698 1372 aliqua
717 1262 871 1348 ratione
894 1259 1157 1362 consulerem,
1175 1258 1283 1342 haud
1305 1286 1402 1342 cun·

231 1401 421 1486 claudum
441 1401 541 1488 mihi
573 1405 663 1508 fnit,
685 1413 732 1490 ut
753 1405 852 1508 Tuo,
876 1399 1200 1488 Eminentissime
1219 1401 1401 1504 Praeeul,

230 1543 449 1630 clarissimo
481 1546 628 1631 nomini
660 1547 936 1647 inscriberem,
970 1551 1012 1630 et
1043 1543 1263 1653 patrocinio
1296 1571 1402 1628 com-

231 1689 475 1773 mendarem.
499 1691 667 1774 Praeter
697 1689 798 1772 illud
820 1687 924 1772 enim
947 1685 1111 1771 rationis
1139 1691 1401 1787 momentum,

228 1829 335 1938 quod
367 1829 427 1914 'Pu
463 1827 504 1913 in
541 1829 737 1916 eiusmodi
779 1828 911 1914 causis
949 1828 1239 1938 pertractandis
1281 1855 1398 1913 omne

227 1969 404 2056 studium
437 1997 675 2080 omnemque
710 1999 847 2058 curam
879 1969 1115 2074 adhibuisti,
1148 1969 1398 2079 utquisque

227 2139 299 2222 pro
340 2140 413 2199 suo
450 2141 616 2200 munere
654 2113 808 2200 valeret
848 2112 1008 2200 veritati
1051 2119 1138 2198 rato
1185 2111 1399 2221 suffragari

228 2253 394 2359 iudicio,
431 2255 551 2365 idque
594 2263 681 2341 tum
717 2284 841 2365 quum
878 2256 1123 2366 gravissimis
1164 2255 1400 2366 fungebaris

230 2395 368 2481 officiis
396 2401 503 2508 apud
524 2425 681 2482 sacram
703 2397 868 2484 Concilii
890 2397 1254 2508 Congregationem
1277 2399 1399 2507 priua,

227 2537 370 2624 deinde
413 2542 520 2649 apud
568 2569 796 2652 supremam
838 2569 993 2628 sacram
1034 2541 1400 2652 Congregationem

224 2677 462 2766 universalis
504 2681 792 2793 inquisitionis,
826 2691 912 2768 tum
950 2691 997 2768 ut
1032 2684 1153 2768 iudex
1190 2682 1231 2766 in
1275 2681 1398 2766 sacris

225 2817 346 2904 Urbis
379 2821 770 2934 congregationibus
803 2854 927 2935 quum
954 2825 1004 2908 ad
1026 2823 1315 2934 amplissimum
1336 2851 1400 2908 sa-

230 2988 421 3070 urumque
454 2966 622 3050 Petrum
639 2965 912 3052 Oardinalium
934 2963 1121 3052 Ordinem
1152 2965 1294 3053 merito
1332 2995 1398 3052 co-

227 3111 386 3214 optatus
417 3107 552 3212 luisti3
584 3137 674 3197 meo
706 3117 917 3219 praetcrea
949 3115 1161 3195 versantur
1193 3109 1330 3195 animo·
1357 3115 1400 3194 et

225 3246 312 3332 Tua
343 3249 384 3332 in
418 3275 534 3336 omne
560 3251 856 3360 disciplinarum
888 3229 1093 3336 sacrarum
1118 3278 1260 3360 genus,
1280 3279 1399 3336 cano-

225 3386 304 3471 nici
333 3391 571 3500 praesertim
592 3391 704 3493 iuris,
732 3392 991 3502 praestantia,
1018 3398 1061 3476 ot
1082 3390 1399 3500 praeclarissima

227 3529 372 3638 quibus
404 3532 566 3618 excellis
605 3543 837 3620 ornamenta
869 3533 1079 3635 virtutum,
1112 3560 1213 3641 quas
1250 3532 1291 3616 in
1323 3561 1398 3642 pu·

223 3677 352 3762 blicoe
386 3687 428 3764 et
460 3679 681 3765 catholicae
713 3679 772 3764 rei
814 3678 1131 3765 emolumentum
1169 3675 1398 3785 impendere

222 3817 264 3902 in
295 3818 447 3906 deliciis
479 3819 619 3906 habes.
668 3821 821 3927 Quibus
859 3819 1086 3906 asserendis
1125 3819 1211 3928 ipsa
1251 3847 1323 3928 per
1354 3848 1398 3908 se

223 3959 397 4047 clamant
429 3968 490 4047 tot
519 3963 608 4048 Tibi
640 3967 789 4048 nedum
811 3993 834 4047 a
857 3965 929 4049 Pio
966 3965 1023 4046 lX
1056 3962 1123 4047 fel.
1146 3989 1240 4065 rec,
1263 3967 1333 4048 sed
1356 3972 1397 4050 et

225 4131 249 4188 a
280 4101 538 4190 sanctissimo
571 4105 742 4190 Domino
764 4085 923 4205 Nostro,
945 4111 1028 4188 tam
1054 4103 1257 4212 sapienter
1278 4104 1398 4193 hodie

226 4249 286 4330 tot
315 4244 422 4330 inter
445 4253 676 4334 aestuantes
699 4249 866 4334 sociales
888 4249 1033 4332 fluctus
1056 4244 1167 4331 Petri
1188 4247 1397 4335 naviculae

224 4386 380 4472 clarum
418 4391 689 4498 gubernante,
722 4392 856 4476 Leone
889 4392 999 4498 Papa
1021 4388 1124 4472 XllI
1156 4389 1398 4475 demandata
