3444 5302
711 489 746 502 ..
768 455 806 516 23
831 489 864 498 ..

209 577 364 657 validum
391 577 527 659 censeri
556 578 663 658 debet
690 581 952 658 matrimonium
979 581 1009 658 si
1036 577 1180 685 quando
1214 579 1371 682 legitima

208 699 354 808 quidem
369 715 467 782 aetas
482 701 590 797 adsit,
608 727 672 782 scu
688 702 811 808 lopolis
827 703 1012 810 pubertas,
1030 718 1068 783 at
1088 703 1245 782 nondum
1263 717 1374 784 oote-

210 823 300 904 rulis
316 825 474 922 advenit,
490 839 529 905 ut
548 826 713 907 audictis
731 841 843 932 patet.
863 826 1044 908 Naturalis
1064 840 1182 906 autem
1201 827 1373 932 pubertas

219 975 262 1028 ex
291 949 417 1030 babitu
445 951 601 1057 corporis
620 963 657 1030 et
675 952 834 1056 potentia
867 949 1060 1055 generandi
1088 951 1267 1055 colligitur
1295 951 1368 1058 (l).

291 1081 327 1151 i.
358 1073 516 1154 Huiusce
544 1087 664 1153 autem
691 1074 965 1154 extraordinarii
993 1100 1098 1154 casus
1117 1074 1303 1170 iudicium,
1325 1101 1373 1154 au

209 1199 344 1280 scilicet
370 1197 514 1277 molitio
541 1196 703 1304 suppleat
731 1209 882 1278 oetatem
910 1197 955 1278 ad
981 1201 1241 1279 matrimonium
1270 1225 1376 1305 prae-

210 1337 399 1420 maturam,
430 1323 648 1403 cumulatim
675 1323 752 1402 iure
779 1347 859 1402 cum
886 1324 1077 1430 apostolica
1106 1323 1196 1402 Sede
1216 1323 1261 1402 ad
1289 1327 1376 1429 Epi-

213 1470 357 1554 scopum
384 1473 447 1526 seu
485 1447 724 1534 Ordinarium,
745 1445 992 1526 dioecesanum
1020 1459 1172 1553 spectat.
1206 1450 1377 1552 «Neque

214 1597 358 1652 neccsse
386 1587 454 1668 est,
473 1573 525 1651 uti
545 1569 647 1652 docet
666 1571 879 1650 Benedictus
891 1575 986 1667 xlv,
1000 1571 1229 1677 apostolicam
1249 1569 1375 1649 Sedem
1481 1671 1484 1674 Ι

210 1695 323 1792 adire,
355 1697 424 1774 nisi
452 1721 516 1801 pro
543 1697 667 1776 maiori
695 1707 797 1774 actus
823 1695 1061 1782 solemnitate,
1084 1707 1120 1774 et
1145 1719 1190 1774 ne
1219 1693 1263 1772 de
1292 1719 1377 1772 con-

209 1834 346 1901 tractus
373 1821 585 1898 matrimonii
614 1807 818 1898 huiusmodi
837 1816 1021 1898 validitate
1040 1831 1186 1924 propter
1204 1818 1376 1898 minorem

209 1959 363 2026 aetatem
377 1945 547 2024 baesitari
567 1945 798 2047 contingat...
822 1941 1040 2022 Privativum
1060 1968 1145 2022 vero
1164 1941 1376 2050 apostolicae
1484 1961 1494 1984 ·

211 2069 312 2150 Sedis
339 2071 396 2149 ius
423 2081 478 2148 est
496 2065 712 2148 concedendi
732 2065 1030 2173 dispensationem
1041 2066 1085 2145 ad
1096 2065 1377 2146 contrahendum

211 2192 473 2273 matrimonium
500 2191 691 2298 impuberi,
722 2191 785 2296 qui
812 2215 876 2296 per
894 2204 1048 2271 aetatem
1069 2189 1227 2270 nondum
1254 2193 1379 2269 coniu-

214 2315 283 2419 gali
299 2315 444 2422 copulae
458 2327 621 2394 maturus
640 2329 709 2408 est,
726 2313 789 2393 sed
806 2329 926 2394 tannen
939 2315 1088 2394 rationis
1103 2339 1171 2393 usu
1186 2317 1236 2393 ita
1251 2312 1374 2420 pollet,

215 2453 255 2518 ut
273 2439 486 2518 matrimonii
502 2437 734 2519 contrahendi
754 2439 824 2518 vinr
843 2453 879 2518 et
895 2453 1059 2517 naturam
1079 2439 1270 2541 intelligat.
1294 2441 1384 2516 lite-⁸
1480 2501 1487 2515 .

213 2565 286 2640 nim
314 2561 358 2641 ad
386 2561 607 2643 validitatem
635 2565 865 2660 matrimonii,
900 2561 1198 2670 quemadmodum
1226 2559 1377 2640 rationis

214 2709 297 2764 usus
325 2685 520 2790 requiritur
547 2685 592 2765 de
619 2685 698 2766 itere
725 2685 889 2765 naturali
916 2699 949 2766 et
976 2685 1116 2773 diuino,
1144 2689 1195 2764 ita
1222 2682 1375 2763 octuolis

213 2809 257 2887 ad
286 2809 507 2912 coniugalem
535 2811 696 2916 copulam
719 2809 882 2916 potentio
916 2811 1110 2916 requiritur
1138 2809 1183 2888 de
1210 2807 1290 2888 iure
1312 2833 1378 2914 po-

213 2933 320 3014 sitioo
347 2935 529 3014 canonico.
561 2937 744 3015 Romanus
772 2949 891 3015 autem
919 2917 1080 3016 Pontifex
1109 2949 1165 3014 est
1192 2959 1301 3040 supra
1320 2935 1377 3011 ius

213 3056 434 3153 canonicum;
452 3071 489 3135 at
507 3058 660 3162 quilibet
678 3061 873 3165 Episcopus
892 3085 934 3138 eo
953 3061 1030 3138 inre
1050 3057 1198 3136 inierior
1213 3070 1282 3154 cst,
1293 3079 1376 3161 pro-

216 3180 370 3284 indeque
398 3179 495 3259 illius
522 3179 662 3284 legibus
689 3181 859 3284 derogare
891 3185 1057 3288 nequit»
1088 3179 1162 3287 (2).
1186 3225 1210 3239 -
1242 3181 1379 3258 Roma-

217 3331 302 3383 num
330 3317 451 3383 autem
477 3303 682 3384 Pontificem
709 3331 773 3410 pro
801 3305 893 3385 bono
921 3307 1033 3411 pacis,
1069 3305 1183 3382 aliave
1210 3305 1306 3382 iusta
1334 3300 1378 3380 de

214 3454 321 3508 causa
350 3453 428 3508 cum
456 3427 623 3508 fidelibus
650 3427 856 3536 dispensare
884 3454 1001 3535 posse,
1033 3453 1075 3507 ac
1092 3427 1227 3534 pluries
1255 3451 1378 3505 revera

215 3549 439 3656 dispensasse
467 3565 507 3630 ut
534 3549 626 3630 inira
653 3551 854 3657 pubertatis
881 3577 994 3632 annos
1013 3553 1274 3631 matrimonium
1293 3573 1381 3628 con-

213 3675 411 3770 traherent,
441 3677 583 3780 praeter
602 3677 746 3755 allatam
772 3676 955 3756 Benedicti
973 3680 1054 3755 xlv
1074 3675 1323 3756 auctoritatem
1341 3686 1377 3752 et

215 3799 349 3878 Nicolai
377 3803 395 3877 1
423 3798 635 3879 decretalem
663 3800 737 3908 (3),
769 3801 978 3881 confirmant
1005 3801 1165 3908 exempla
1189 3797 1378 3906 dispensa·-

285 3989 323 4060 (1)
342 3989 390 4047 clr
409 3991 582 4049 Leureuiunr
604 3992 623 4048 t.
644 4007 667 4050 c.
686 3997 796 4064 penest.
819 3997 879 4049 tto.

285 4077 323 4150 (Ξ)
340 4079 510 4136 Benedictus
527 4082 587 4138 xlv
607 4089 698 4139 const.
719 4083 843 4153 Mopooe
860 4081 951 4148 nebu,
975 4080 1004 4151 s.
1026 4085 1063 4138 lt
1080 4080 1154 4138 dicet
1172 4079 1295 4152 aliquia.

283 4166 332 4224 Cir
349 4175 377 4225 et
395 4168 617 4242 Pupp-Suiligyi,
639 4170 689 4228 loc.
709 4171 759 4228 cit.
779 4185 848 4241 pop.
869 4177 929 4237 tea,
953 4170 1004 4227 nbi
1023 4169 1163 4226 ruthenae
1194 4176 1223 4226 et
1252 4167 1380 4224 libanen-

213 4257 255 4313 sis
273 4255 454 4328 synodorum
473 4265 588 4326 statuta,
608 4259 767 4316 austriacae
788 4259 1017 4332 tegistenoram,
1037 4265 1064 4316 et
1092 4245 1266 4330 apostoticae
1294 4254 1379 4314 Sedis

215 4345 434 4404 instructionem
454 4361 540 4418 super
557 4347 611 4404 boc
629 4347 835 4419 impedimento
861 4346 956 4404 refert.

287 4434 320 4506 (3)
339 4437 406 4507 cap.
427 4435 482 4493 ubi
500 4449 558 4493 oon
577 4443 616 4494 est
634 4441 660 4504 2,
684 4436 718 4492 de
737 4435 897 4509 desponsat.
916 4433 1117 4508 impuberum.
