3406 5302
638 507 683 523 -
706 475 770 538 aro

152 593 257 673 alteri
286 592 535 697 subdelegavit
563 595 754 674 articulum
783 594 938 699 aliquem
960 618 1031 673 non
1060 583 1329 692 iurisdietione-

152 715 236 812 lem,
268 716 343 794 sive
371 739 510 794 merum
538 727 575 796 et
612 715 749 794 nudum
778 715 1044 809 ministerium,
1076 739 1109 793 e.
1135 715 1195 816 gr.
1227 727 1330 818 pote-

153 848 284 914 statem
312 834 485 915 audiendi
513 848 635 942 partes
663 835 799 940 absque
828 835 999 915 facultate
1028 860 1172 912 causam
1201 858 1332 936 cogno-

155 957 277 1036 scendi
307 958 322 1059 (
352 958 381 1062 ).
1292 955 1295 964 '

238 1085 301 1154 11.
333 1075 520 1155 Praedicta
541 1089 662 1157 autem
682 1074 805 1176 regula
825 1073 869 1152 de
889 1072 1130 1179 appellatione
1144 1069 1329 1176 prcdotim

155 1193 318 1275 iacienda
346 1195 392 1274 ad
420 1196 639 1302 superiorem
668 1193 821 1274 iudicem
850 1219 919 1278 acc
947 1188 1244 1302 omissc‚medio,'
1269 1215 1334 1295 pa-

157 1318 248 1396 titur
276 1317 520 1423 exceptiones.
553 1322 692 1397 Dantur
721 1317 815 1395 enim
844 1341 964 1410 casus,
989 1317 1026 1393 in
1054 1311 1188 1418 quibus
1207 1311 1332 1418 appel·

157 1438 244 1516 latio
273 1436 318 1515 ad
346 1437 544 1518 mediatum
559 1437 636 1517 fieri
651 1449 771 1544 potest
791 1438 1010 1542 superiorem
1030 1433 1184 1512 iudicem
1204 1432 1334 1512 omisso

159 1557 363 1637 immediato
391 1585 456 1637 seu
485 1559 660 1664 proximo.
693 1557 749 1637 Sic
778 1557 945 1663 princeps
987 1554 1166 1660 exceptio,
1199 1551 1334 1630 iamdiu

160 1678 331 1756 canonico
352 1677 430 1756 iure
450 1677 631 1756 declarata
652 1691 687 1756 et
717 1676 855 1755 sancita
876 1676 950 1782 (2),
974 1699 1015 1754 ea
1044 1688 1114 1766 est,
1137 1683 1178 1750 ut
1207 1698 1227 1748 a
1246 1697 1337 1776 quc-

160 1822 313 1902 cumquc
341 1797 458 1876 iudice
488 1797 692 1876 immediate
721 1797 766 1875 ad
796 1801 927 1902 Papam
956 1791 1131 1900 appellari
1158 1791 1273 1896 possit
1292 1817 1335 1868 ex

161 1930 238 1997 toto
266 1933 444 1998 terrarum
474 1920 559 1998 orbe
588 1919 626 1997 in
654 1919 772 1997 causis
801 1916 1051 1998 ecclesiasticis
1071 1927 1108 1993 et
1136 1910 1337 2017 spirituali-

161 2037 244 2134 buS,
266 2065 358 2143 quas
377 2040 472 2118 inter
491 2039 649 2120 eminent
668 2038 963 2132 matrimoniales
986 2049 1135 2142 excepto
1164 2059 1248 2112 casu
1269 2057 1337 2109 nu-

161 2185 223 2266 per
252 2161 375 2256 citato,
407 2185 493 2264 quo,
516 2187 558 2238 ex
588 2159 678 2238 iuris
707 2186 771 2238 seu
801 2164 919 2263 Papae
939 2157 1052 2262 ipsius
1081 2153 1329 2260 dispositione,

162 2280 334 2388 appellari
353 2281 461 2360 debet
477 2307 496 2358 a
511 2280 746 2384 subdelegato
762 2279 805 2357 ad
817 2284 934 2383 Papae
954 2276 1173 2380 delegatum,
1192 2271 1338 2378 quando

164 2401 194 2479 is
221 2427 293 2478 non
323 2414 435 2480 totam
463 2427 607 2480 causam
644 2425 708 2480 seu
738 2399 1020 2478 iurisdictionem
1062 2409 1174 2475 totam
1203 2391 1338 2471 subde-

165 2521 312 2624 legavit,
343 2521 406 2600 sed
435 2522 572 2625 aliquid
610 2521 678 2600 sibi
709 2521 905 2598 reservavit
944 2517 1018 2624 (3).
1060 2519 1214 2596 Ratione
1244 2513 1338 2593 enim

165 2643 341 2746 primatus
369 2641 651 2738 iurisdictionis,
684 2639 871 2747 plenitudo
903 2639 1094 2745 potestatis
1135 2637 1270 2717 residet
1299 2635 1337 2712 in
1453 2675 1454 2678 ¹

166 2766 276 2868 Papa,
308 2761 448 2866 etipse
477 2776 532 2840 est
560 2761 773 2840 Ordinarius
815 2759 1087 2839 Ordinariorum
1115 2772 1152 2837 et
1181 2758 1339 2836 omnium

166 2881 374 2960 inleriorum
403 2881 586 2976 iudicum,
617 2895 889 2961 concurrentem
927 2879 1107 2958 cumillis
1136 2877 1274 2956 habens
1302 2876 1341 2954 in

167 3001 273 3081 dictis
301 3003 420 3080 causis
462 3001 760 3082 iurisdictionem.
793 3001 833 3079 Id
863 3006 984 3079 autem
1013 2999 1142 3078 iterum
1171 3022 1341 3104 expresse

167 3121 290 3201 docuit
318 3147 358 3200 ac
387 3121 582 3201 declaravit
619 3121 845 3201 oecumenica
875 3120 1048 3200 Vaticana
1086 3117 1252 3225 Synodus
1280 3117 1340 3223 (1)

167 3245 223 3322 his
251 3244 394 3322 verbis:
420 3275 438 3317 a
462 3248 508 3322 Et
526 3245 695 3349 quoniam
716 3243 838 3321 divino
858 3241 1041 3347 apostolici
1062 3241 1238 3345 primatus
1257 3240 1335 3317 iure

167 3391 334 3443 romanus
362 3363 528 3444 Pontifex
556 3364 746 3442 universae
775 3363 955 3441 Ecclesiae
984 3375 1141 3468 praeest,
1175 3358 1342 3438 docemus

168 3488 279 3564 etiam
309 3500 346 3564 et
372 3485 612 3578 declaramus
630 3509 712 3564 eum
742 3509 819 3562 esse
849 3481 1002 3561 iudicem
1030 3505 1235 3586 supremum
1255 3479 1344 3558 fide-

170 3603 256 3682 lium
284 3604 359 3709 (5),
390 3605 493 3684 etin
522 3603 687 3682 omnibus
716 3603 849 3697 causis,
873 3601 918 3680 ad
948 3627 1097 3681 examen
1126 3600 1344 3678 ecclesiasti-

224 3952 263 4022 (1)
284 3952 352 4010 Vide
371 3951 500 4022 Pirhlng.
521 3951 571 4008 311.
593 3949 644 4008 tto.
661 3956 687 4006 1.
710 3949 821 4007 11320.
844 3965 898 4006 cc.
921 3951 1048 4004 100-110.
1075 3951 1101 4002 31
1118 3959 1195 4016 seqq.
1217 3943 1266 4000 ubi
1285 3943 1344 4000 alia

175 4041 209 4098 de
228 4043 281 4098 hac
300 4055 331 4096 re
350 4041 414 4096 fuse
433 4039 556 4096 disserit.

225 4127 266 4204 (0)
286 4129 333 4187 Clr
351 4129 471 4200 Pirhlng
490 4127 542 4184 tio.
562 4133 589 4184 2.
611 4127 658 4184 tit.
678 4132 724 4184 28.
744 4142 774 4182 u.
789 4133 833 4183 00.

227 4217 268 4294 (3)
288 4217 473 4276 Reiffenstuel
493 4217 539 4274 cit.
563 4215 616 4272 lib.
636 4221 662 4274 2.
684 4215 732 4272 tit.
753 4221 798 4272 28.
818 4231 849 4270 o.
869 4220 914 4270 58.

227 4307 268 4380 (1)
288 4309 384 4363 const.
414 4309 519 4363 Pastor
544 4310 690 4371 33133333,
709 4317 771 4374 cap.
791 4303 818 4359 3.
840 4305 908 4358 ltarn
935 4301 1024 4358 habes
1044 4300 1073 4356 in
1099 4299 1187 4356 latina
1208 4298 1347 4368 Epheme-

177 4395 246 4462 ride,
266 4397 313 4452 cut
334 4395 436 4452 titulus
456 4398 528 4452 Acta
545 4399 663 4450 sanctae
680 4390 763 4448 Sedis
783 4400 835 4447 etc.
856 4389 955 4446 3310.
974 4402 1047 4460 pap.
1069 4393 1103 4444 10
1122 4395 1148 4445 ct
1166 4401 1243 4459 seqq.

228 4483 269 4557 (5)
291 4483 332 4540 Pii
352 4485 405 4540 PP.
427 4485 464 4538 Vl
483 4485 582 4548 Breve,
602 4481 697 4552 Super
715 4479 865 4536 soliditate
902 4481 947 4536 2⁷.
966 4491 1031 4534 nco.
1062 4481 1141 4534 1733.
