3446 5298
891 497 928 510 -
949 463 1007 526 toa
1029 495 1066 509 -

392 589 536 670 clesiam
565 603 601 668 et
630 589 764 693 absque
794 589 940 694 parochi
979 585 1240 680 benedictidnc,
1273 585 1415 689 alioque
1452 584 1566 664 eccle-

362 723 369 752 *
394 715 540 794 siastico
569 715 643 792 ritu
671 711 895 792 celebrandis
915 711 1011 790 haud
1032 723 1154 816 aperte
1174 711 1421 805 declarantur,
1445 723 1566 788 tamen

394 839 564 944 implicite
593 837 840 917 continentur.
863 845 912 916 hc
925 835 1107 915 Sanctitas
1135 841 1206 914 Sua
1227 859 1349 912 omnes
1378 833 1565 937 hrcbiepi-

394 987 534 1067 scopos,
566 961 774 1068 Episcopus,
815 959 976 1064 aliosque
1014 959 1171 1038 locorum
1211 956 1420 1035 Ordinarios
1457 956 1568 1034 vehe-

393 1099 533 1163 menter
561 1083 599 1160 in
627 1084 775 1161 Domino
812 1095 947 1178 monet,
984 1079 1164 1176 hortatur,
1196 1094 1233 1159 et
1262 1081 1411 1174 excitat,
1443 1079 1566 1184 eisque

394 1208 558 1304 mandat,
590 1201 631 1285 ut
659 1233 739 1284 cum
767 1207 835 1312 ipsi
865 1208 902 1284 in
929 1217 1112 1312 posterum
1150 1203 1259 1284 huius
1288 1203 1467 1308 Rescripti
1496 1203 1569 1282 lor-

395 1333 491 1410 mula
520 1331 565 1409 ab
595 1331 662 1409 hac
689 1345 813 1409 sancta
841 1329 931 1409 Sede
951 1329 1174 1408 obtinuerint
1194 1327 1401 1408 facultatem
1421 1329 1568 1433 dispen-

396 1455 500 1535 sandi
537 1479 645 1560 super
683 1453 936 1560 impedimento
974 1455 1107 1533 mistae
1146 1453 1343 1556 religionis,
1375 1453 1413 1530 in
1441 1452 1565 1532 eadem

396 1581 570 1659 facultate
598 1579 827 1683 exsequenda
846 1603 1030 1684 nunquam
1050 1575 1229 1658 desistant
1248 1578 1343 1656 omni
1363 1603 1464 1673 cura,
1487 1591 1567 1656 stu-

397 1707 527 1810 dioque
556 1703 766 1805 advigilare,
798 1716 839 1781 ut
867 1701 992 1782 sedulo
1020 1725 1163 1808 quoque
1197 1703 1416 1808 impleantur
1443 1703 1568 1781 condi·

397 1831 513 1910 tiones
541 1827 584 1906 de
613 1827 734 1906 mixtis
763 1827 859 1906 hisce
889 1825 1123 1906 matrimoniis
1156 1839 1258 1905 extra
1288 1826 1496 1921 Ecclesiam,
1528 1841 1566 1906 et

396 1951 532 2057 absque
560 1949 708 2056 parochi
745 1949 1009 2046 benedictione,
1040 1951 1181 2054 alioque
1219 1949 1460 2028 eeclesiastico
1486 1948 1563 2028 ritu

308 2111 313 2122 ·
397 2075 635 2158 celebrandis.
667 2073 766 2164 Quod
796 2073 892 2152 siin
921 2071 1101 2181 aliquibus
1121 2073 1207 2152 locis
1236 2079 1423 2152 Sacrorum
1443 2073 1567 2152 hntis-

398 2201 484 2280 tites
499 2197 745 2303 cognoverint,
764 2197 907 2276 easdem
927 2197 1149 2278 conditiones
1169 2197 1308 2303 impleri
1329 2199 1424 2278 haud
1439 2223 1561 2304 posse,

397 2325 486 2430 quin
502 2324 663 2426 graviora
679 2322 807 2400 erinde
827 2323 991 2400 oriantur
1010 2321 1140 2400 damna
1153 2345 1193 2402 ac
1213 2324 1321 2418 mala,
1344 2323 1381 2400 in
1397 2323 1464 2402 hoc
1478 2347 1563 2401 casu

397 2461 540 2528 tantum
557 2447 735 2526 Sanctitas
747 2449 821 2524 Sua
841 2445 886 2523 ad
902 2445 1106 2524 huiusmodi
1122 2445 1255 2524 maiora
1270 2446 1400 2525 damna
1416 2472 1458 2525 ac
1474 2446 1567 2524 mala

401 2571 563 2664 vitanda,
579 2569 749 2676 prudenti
764 2569 967 2648 eorumdem
983 2574 1168 2648 Sacrorum
1184 2573 1399 2650 hulistitum
1417 2571 1569 2650 arbitrio

399 2694 606 2792 committit,
625 2707 666 2772 ut
686 2693 768 2798 ipsi,
782 2693 890 2770 salvis
909 2691 1091 2797 firmisque
1110 2717 1266 2800 semper,
1289 2719 1332 2774 ao
1350 2691 1570 2800 perdiligen-

397 2831 454 2897 ter
468 2816 618 2895 servatis
633 2814 862 2894 cautionibus
878 2815 921 2894 de
936 2816 1175 2920 perversiouis
1191 2817 1350 2924 periculo
1369 2817 1567 2895 amovendo

398 2968 418 3019 a
447 2941 596 3043 coniuge
624 2939 814 3034 catholico,
838 2939 881 3016 de
919 2941 1147 3018 conversione
1177 2937 1365 3018 acatholici
1386 2939 1565 3042 coniugis

396 3063 443 3142 ab
471 3063 548 3168 ipso
575 3063 724 3165 coniuge
752 3061 927 3139 catholico
945 3087 1009 3167 pro
1028 3063 1165 3140 viribus
1184 3061 1424 3168 procuranda,
1447 3061 1564 3168 deque

396 3187 563 3266 universa
591 3186 782 3289 utriusque
810 3186 1043 3288 serus'prole
1072 3185 1109 3262 in
1137 3185 1332 3265 sanctitate
1368 3185 1567 3264 catholicae

399 3310 596 3413 Religionis
624 3311 766 3388 omnino
780 3306 981 3403 educanda,
1000 3307 1160 3387 iudicent
1183 3307 1328 3414 quando
1356 3334 1568 3388 commemo-

399 3448 499 3513 ratae
510 3433 732 3513 conditiones
747 3432 791 3511 de
806 3433 1059 3545 contrahendis
1071 3435 1194 3514 mixtis
1205 3435 1301 3514 bisce
1317 3437 1453 3542 nuptiis
1464 3449 1566 3515 extra

399 3559 592 3638 Ecclesiam
620 3573 657 3638 et
676 3557 810 3670 absque
831 3557 977 3662 parochi
996 3557 1243 3638 benedictione
1263 3554 1403 3666 impleri
1423 3561 1565 3639 minime

400 3685 554 3790 possint,
585 3700 621 3763 et
641 3683 785 3787 quando
805 3681 842 3758 in
861 3681 1070 3786 promiscuis
1091 3683 1186 3762 hisce
1207 3681 1380 3788 coniugiis
1400 3683 1568 3763 ineundis

401 3809 544 3887 tolerari
572 3821 682 3913 queat
710 3832 784 3884 mos
803 3804 998 3884 adhibendi
1017 3807 1126 3886 ritum
1146 3833 1210 3914 pro
1229 3810 1468 3888 matrimoniis
1482 3833 1568 3888 con-

400 3927 587 4010 trahendis
615 3931 652 4008 in
680 3929 888 4008 dioecesano
925 3929 1062 4008 Rituali
1098 3931 1255 4037 legitime
1288 3933 1563 4041 praescriptum,

399 4054 544 4133 exclusa
573 4069 693 4134 tamen
721 4077 859 4159 semper
888 4053 1015 4131 Missae
1046 4054 1301 4152 celebratione,
1337 4081 1379 4135 ac
1415 4053 1567 4159 diligen-

401 4178 537 4258 tissime
565 4177 750 4284 perpensis
778 4175 943 4256 cmnibcs
971 4201 1103 4274 rerum,
1136 4180 1291 4257 locorum
1320 4205 1361 4258 ac
1396 4205 1569 4286 persona-

401 4327 479 4379 rum
509 4301 700 4397 adiunctis,
732 4315 840 4406 atque
869 4315 1017 4380 onerata
1050 4302 1207 4406 ipsorum
1241 4301 1454 4384 antistitum
1483 4329 1568 4383 con-

399 4423 549 4504 scientia
590 4449 698 4530 super
734 4427 891 4504 omnium
928 4423 1279 4508 circumstantiarum
1316 4427 1487 4524 veritate,
1529 4442 1564 4508 et
