3406 5302
890 453 1006 519 -230
1027 486 1064 500 -

406 581 517 666 libelli
545 611 565 661 a
593 582 685 663 Titio
712 583 864 689 porrecti
892 582 1027 684 (ictor.
1059 581 1120 661 lol.
1153 583 1220 686 at)
1251 606 1322 687 quo
1349 578 1493 687 petebat
1519 591 1559 658 ut

406 707 656 814 procederetur
684 707 720 786 in
740 732 847 786 causa
866 705 1080 787 matrimonii
1099 704 1267 785 iamdiua
1286 704 1367 783 Caia
1387 715 1556 809 promota.

407 831 463 910 Sic
475 835 508 910 ‘e
536 831 682 937 pulvere
709 857 816 910 causa
836 831 924 910 haec
942 831 1111 926 excitata,
1135 827 1374 936 processualia
1393 839 1471 908 acta
1491 827 1563 904 ala-

406 958 512 1036 criter
540 981 580 1034 ao
608 958 673 1036 rite
702 958 830 1036 iterum
863 967 1079 1062 prosequuta
1116 968 1152 1035 et
1179 953 1342 1034 absoluta
1376 951 1486 1033 luisse
1513 951 1563 1030 vi·-

407 1079 537 1159 dentur
568 1079 613 1159 ad
641 1105 799 1160 normam
826 1079 1078 1160 Benedictiuae
1107 1077 1377 1159 Constitutionis
1404 1077 1470 1155 Dei
1497 1074 1563 1154 nti-

407 1204 583 1284 suctione
610 1204 668 1312 (1)
697 1218 732 1283 et
760 1205 1042 1310 sapientissimae
1070 1202 1314 1284 instructionis
1342 1199 1411 1280 diei
1432 1209 1479 1280 22
1502 1225 1564 1278 au·

409 1330 503 1435 gusti
534 1337 634 1409 tuto
650 1355 681 1408 e.
704 1330 812 1409 huius
827 1330 1116 1434 Congregatiouis
1130 1327 1204 1435 (2),
1225 1327 1434 1434 praesertim
1447 1324 1563 1431 quoad

408 1454 649 1534 solemnitates
677 1479 769 1560 quae
797 1452 843 1532 ad
871 1467 1029 1533 aetorum
1057 1452 1290 1548 validitatem,
1322 1453 1357 1531 vi
1385 1451 1562 1558 praelatae

409 1578 693 1674 constitutionis,
725 1577 970 1683 requiruntur.
994 1577 1065 1674 Sic,
1088 1591 1128 1657 ut
1142 1579 1331 1684 praecipua
1351 1575 1561 1668 delibemus,

410 1702 499 1782 nihil
528 1701 801 1784 desiderandum
829 1727 905 1782 esse
934 1701 1076 1782 videtur
1104 1703 1195 1782 circa
1224 1725 1426 1807 expressam
1453 1699 1565 1806 depu-

408 1827 577 1906 tationem
615 1825 742 1904 iudicis
776 1851 839 1906 seu
877 1825 1051 1921 iudicum,
1082 1829 1144 1932 qui
1182 1825 1349 1905 facultate
1390 1823 1564 1930 pollerent

410 1949 637 2055 procedendi,
668 1949 848 2030 iudicandi
877 1976 918 2030 oc
945 1949 1158 2030 decernendi
1178 1950 1270 2029 hanc
1288 1973 1449 2043 oausam3
1472 1949 1562 2026 circa

409 2073 713 2172 constitutionem,
735 2078 986 2171 iuramentum,
1010 2075 1255 2154 adsistentium
1278 2073 1473 2154 defensoris
1492 2098 1566 2150 ma-

411 2197 568 2278 trimonii
595 2223 640 2276 er
667 2199 780 2278 officio
808 2200 846 2278 in
873 2197 1032 2304 quolibet
1060 2212 1142 2279 actu
1170 2196 1326 2278 iudiciali
1342 2210 1377 2276 et
1404 2200 1565 2276 examine

409 2321 553 2402 testium
582 2320 661 2426 (cit.
693 2325 811 2402 Coust.
844 2326 908 2424 ἐξ.
943 2321 1101 2429 4-6-7).
1133 2321 1259 2402 Itidem
1289 2325 1354 2400 rita
1373 2321 1565 2401 examinati

409 2443 555 2524 luerunt
582 2443 763 2548 coniuges,
793 2446 856 2550 qui
884 2459 919 2526 et
946 2473 986 2527 ea
1015 2473 1108 2552 quae
1127 2445 1443 2528 extraiudioialiter
1458 2445 1567 2552 depo·

409 2582 569 2664 suerent,
593 2569 715 2673 paucis
743 2570 876 2650 rectius
895 2574 1080 2679 expositis,
1102 2572 1291 2676 iuramenti
1311 2571 1480 2676 religiono
1499 2570 1567 2650 ite-

409 2705 485 2772 rato
513 2687 711 2772 firmarunt.
744 2693 912 2774 Similiter
939 2696 999 2775 alii
1028 2711 1138 2776 testes
1169 2699 1232 2802 qui
1265 2695 1411 2802 reperiri
1440 2709 1567 2800 potue-

409 2828 508 2911 runt,
539 2829 576 2896 et
602 2827 678 2895 tum
706 2844 726 2894 a
754 2833 980 2923 procuratore
1009 2820 1164 2926 ipsorum
1179 2821 1367 2922 coniugum
1387 2817 1454 2897 rite
1483 2842 1568 2895 cou-

408 2942 549 3037 stituto‚
563 2951 639 3020 tum
653 2939 698 3019 ab
714 2965 785 3022 uuo
801 2955 838 3022 et
850 2943 962 3024 altero
976 2945 1192 3024 matrimonii
1207 2943 1391 3024 defensore
1411 2942 1562 3036 inducti,

409 3061 602 3144 examinati
621 3062 767 3144 luerunt
784 3063 852 3144 suh
872 3066 1023 3173 duplicis
1047 3068 1236 3151 iuramenti
1257 3067 1410 3148 vinculo.
1433 3071 1476 3144 ln
1495 3091 1568 3145 uno

410 3188 465 3266 vel
493 3187 563 3265 alio
584 3199 729 3300 tantum
757 3215 831 3285 ece,
861 3215 1012 3297 quorum
1039 3194 1224 3290 intererat,
1246 3193 1416 3274 deiecisse
1444 3190 1572 3272 dolen-

411 3311 494 3391 dum
523 3325 591 3392 est.
624 3313 694 3408 Sic,
724 3327 765 3394 ut
792 3340 903 3394 unum
940 3317 1043 3396 modo
1072 3333 1229 3424 tangam,
1260 3345 1332 3398 uon
1355 3317 1571 3420 intelligitur

409 3461 472 3514 cur
500 3434 636 3540 primus
664 3453 700 3516 et
727 3439 817 3520 alter
843 3441 1058 3522 matrimonii
1086 3442 1250 3524 defensor
1273 3443 1442 3523 iudicium
1460 3445 1572 3548 septi-

409 3585 487 3640 mae
514 3585 640 3639 monus
668 3563 767 3643 nullo
794 3577 896 3671 pacto
924 3568 1189 3671 requisiveriut‚
1215 3551 1377 3674 quamvis
1395 3571 1441 3646 H.
1465 3571 1502 3645 S.
1527 3573 1568 3646 C.

410 3689 446 3766 iu
475 3689 583 3766 citata
611 3689 852 3770 Instructioue
880 3717 943 3798 pro
971 3692 1135 3773 omnibus
1163 3693 1293 3788 causis,
1324 3717 1417 3799 quae
1444 3692 1574 3771 matri·

409 3813 518 3892 monii
529 3812 730 3894 firmitatem
745 3815 952 3921 respiciunt,
971 3815 1058 3896 illud
1073 3817 1379 3898 indiscriminatim
1393 3819 1575 3924 praescri-

411 3937 486 4032 bat,
517 3936 598 4018 licet
626 3937 793 4042 primario
821 3939 859 4018 in
887 3939 957 4020 illis
985 3941 1118 4046 exigat,
1140 3967 1232 4046 quae
1250 3969 1293 4022 er
1312 3944 1427 4047 capite
1456 3940 1576 4047 impo-

410 4062 543 4142 tentiae
571 4075 726 4166 aguntur
754 4063 827 4169 (3).
858 4069 933 4146 Hoc
960 4079 1079 4146 autem
1107 4093 1254 4147 eramen
1269 4079 1403 4174 septem
1422 4067 1574 4148 testium

479 4289 518 4356 (l)
537 4287 585 4344 ctr
602 4289 634 4344 iu
651 4289 814 4362 uppendtoa
835 4297 859 4346 t·
877 4293 952 4350 hauc
970 4293 1111 4351 Benedicti
1129 4297 1191 4352 xlv
1206 4293 1449 4353 constitutionem.

478 4377 517 4444 (2)
536 4375 583 4433 clr
601 4377 631 4432 in
650 4377 814 4450 Appendice
831 4385 858 4437 2·
877 4380 951 4437 hauc
969 4383 998 4438 S.
1012 4383 1042 4438 c.
1056 4383 1173 4440 concilii
1193 4383 1421 4442 iustmctiouem.

481 4465 520 4532 (3)
538 4464 586 4522 Clr
600 4465 631 4523 in
644 4467 807 4541 Appendice
825 4475 852 4526 2·
871 4469 917 4526 cit.
932 4471 1161 4529 instructionem.
