3456 5300
680 417 837 478 -97-

177 547 295 626 monio
322 571 394 626 non
420 559 618 652 reputetur,
647 547 708 626 sed
733 573 855 626 eoram
887 543 1086 625 coniunctio
1114 541 1256 623 omnino
1287 544 1351 623 ui:

177 673 347 754 vellatur.
378 678 424 752 Et
452 674 643 753 Concilium
673 673 977 752 Chalcedonense:
1012 671 1051 750 si
1078 697 1149 778 qaa
1178 671 1283 778 Virpo
1311 699 1346 750 se

177 800 471 887 dediscentia,
499 798 666 878 similiter
702 799 909 884 Monachus,
939 821 1009 875 noa
1036 795 1141 876 licere
1167 797 1215 875 eis
1244 796 1347 902 inopi

177 926 328 1034 nuptiis.
362 925 401 1004 Si
427 949 511 1004 voro
538 924 673 1004 inuenti
701 922 839 1028 suerint
866 921 928 1001 boc
955 919 1140 1026 facientes,
1177 933 1347 1000 maneant

178 1047 514 1130 excommunicati»
545 1047 619 1152 (1).

258 1177 379 1251 Canon
408 1179 456 1249 il
485 1171 631 1250 Concilii
658 1170 817 1249 Trullani
838 1172 992 1250 statuit:
1026 1169 1257 1248 <Monachus
1276 1167 1348 1249 lor·

178 1296 368 1375 nicationis
395 1293 593 1388 convictus,
633 1293 688 1372 vel
717 1295 781 1398 qui
809 1293 854 1372 ad
882 1295 1095 1372 matrimonii
1129 1292 1348 1371 communio·

179 1445 260 1498 nem
297 1419 463 1524 vitaeque
500 1418 705 1497 societatem
750 1443 896 1498 uxorem
933 1418 1063 1513 duxit,
1104 1415 1348 1496 fornicationis

177 1543 304 1647 poenis
332 1541 585 1621 subiciatur»
617 1541 690 1645 (2).
723 1547 817 1645 Ergo
844 1541 1007 1622 Monacbi
1044 1540 1195 1647 professi
1223 1541 1348 1618 matri·-

179 1667 337 1767 monium
364 1665 601 1772 subsequens,
633 1693 704 1746 non
733 1668 996 1746 matrimonium
1024 1681 1094 1762 est,
1112 1665 1174 1746 sed
1195 1666 1349 1746 larrrica·

180 1790 246 1884 tio‚
263 1788 537 1869 concubinatus
561 1835 584 1852 ··
604 1791 719 1896 quue
747 1791 888 1870 Pravila
916 1791 966 1870 ita
995 1791 1127 1869 clarius
1156 1791 1343 1870 enunciat:

182 1913 485 1993 ‹Monachusvsl
513 1914 675 1994 Monialis
703 1915 733 1993 si
753 1915 895 1996 deserto
923 1917 1137 1995 monasterio
1164 1917 1348 1996 matrimo-

180 2038 280 2151 nium
306 2037 442 2132 inierit,
473 2037 540 2117 bac
572 2065 644 2117 non
664 2065 728 2146 pro
747 2041 985 2135 matrimonio,
1003 2040 1065 2119 sed
1081 2065 1145 2146 pro
1173 2041 1350 2120 adulterio

185 2173 395 2266 reputetur;
418 2175 453 2240 et
481 2163 527 2239 sir
548 2188 619 2242 uon
657 2162 832 2242 dimiserit
860 2164 942 2242 talis
979 2163 1174 2242 Monachus
1212 2165 1344 2242 sociam

187 2284 371 2379 adulterii,
391 2289 727 2366 excommunicatus
756 2289 805 2366 sit
827 2319 845 2361 s
877 2286 951 2394 (3).

262 2412 312 2486 De
339 2407 479 2486 duobus
507 2409 603 2489 bisce
632 2410 895 2517 impedimentis
928 2410 1073 2490 Ordinis
1101 2425 1137 2490 et
1166 2412 1245 2490 Voti
1274 2417 1347 2490 Au-

181 2531 314 2612 striaco
333 2530 521 2611 instructio
541 2533 592 2636 (g.
612 2533 679 2637 tt)
709 2535 848 2636 gemina
868 2532 976 2612 babet
1004 2533 1060 2611 his
1079 2559 1171 2638 quae
1190 2534 1348 2613 Ecclesia

183 2656 295 2736 latinu
323 2679 503 2734 sacrorum
532 2681 707 2773 canonum
737 2671 836 2737 tonet
863 2657 1046 2736 sanctione
1075 2656 1149 2763 (l).

587 2891 841 2968 rnrraunus
874 2837 943 2966 in.

181 3097 229 3172 its
250 3098 375 3171 suciis
397 3096 622 3191 inpedimento
650 3097 791 3176 lectoris
815 3117 873 3198 sep
895 3095 1070 3193 baccinis.
1094 3099 1149 3174 ubi
1172 3099 1208 3172 ot
1237 3098 1275 3170 ds
1298 3116 1354 3171 oc-

248 3202 340 3275 sibns
363 3203 461 3294 atque
484 3203 675 3296 rationibus,
700 3206 813 3297 quibus
836 3203 952 3276 initnn
976 3203 1175 3294 dissolvitur,
1199 3221 1351 3294 praeser-

248 3308 308 3380 tirn
338 3307 375 3382 te
403 3327 481 3381 casn
510 3311 732 3384 conversionis
763 3309 957 3384 alterutrius
985 3310 1132 3404 coniugis
1155 3312 1196 3385 al
1227 3309 1351 3384 christi

250 3413 351 3503 ileu,
373 3431 412 3488 aa
435 3413 475 3488 to
496 3414 758 3508 interpellatione
780 3417 879 3490 ultori
902 3415 1061 3491 laniendo.
1133 3467 1134 3471 κ

269 3623 304 3690 1.
339 3621 444 3690 Stans
472 3612 594 3718 [cedas
623 3639 687 3692 seu
715 3613 869 3718 lipamen
899 3629 954 3696 est
981 3616 1197 3695 matrimonii
1232 3614 1349 3694 valide

185 3736 267 3816 initi
296 3736 492 3832 vinculum,
523 3763 594 3842 quo
622 3738 790 3840 coniuges
817 3741 867 3818 ita
886 3739 980 3820 ictor
1000 3767 1038 3820 se
1058 3739 1345 3842 obstringuntur,
1484 3769 1486 3774 ·

186 3873 243 3956 ut,
278 3875 432 3966 utroque
469 3863 625 3956 vivente,
665 3875 794 3941 neuter
821 3864 919 3942 aliud
947 3866 1209 3945 matrimonium
1238 3864 1353 3942 valide

258 4125 295 4198 (1)
316 4125 449 4196 synodos
468 4125 638 4184 Libanensis
660 4127 710 4184 too.
730 4128 780 4184 cit.
800 4127 830 4199 §.
850 4135 877 4185 ε.
898 4147 929 4188 a.
949 4132 1001 4188 111.

258 4215 292 4286 (2)
318 4215 402 4288 Apud
421 4216 650 4289 Papp-Szil'agyi‚
674 4217 725 4274 loc.
746 4218 793 4274 cit.
812 4233 884 4292 pap.
901 4226 964 4277 455.

257 4303 295 4378 (3)
314 4305 399 4378 Apud
418 4307 550 4364 eumdem
570 4307 801 4380 Pupp-Suillium,
821 4309 897 4368 ibid.

259 4391 297 4467 (4)
317 4395 401 4466 Apud
421 4395 565 4462 eumdem,
585 4394 661 4452 ibid.
674 4411 746 4468 pap.
768 4401 830 4456 456.

248 4489 379 4528 nunaunt.
394 4481 428 4526 De
441 4481 635 4540 impedimentis.
