3456 5300
717 455 871 518 -47-

220 581 302 661 licet
319 582 600 664 incontinentiae
618 583 816 690 periculum
835 581 928 659 inter
946 591 1115 682 cognatos
1133 579 1279 682 legales,
1302 607 1382 662 cum

220 731 291 784 non
320 720 480 788 transeat
516 707 708 816 adoptatus
736 709 775 788 in
802 717 1029 812 potestatem,
1065 703 1234 784 familiam
1262 721 1298 786 et
1325 733 1386 786 co·

219 829 476 911 habitationem
505 829 814 938 adoptantis·(l).
846 831 962 918 Quare
982 829 1177 908 communis
1205 833 1280 910 DD.
1303 857 1385 912 seu·

223 955 335 1034 tentia
363 955 466 1037 docet
493 983 536 1036 er
561 957 751 1062 adoptione
789 951 944 1058 simplici
981 978 1043 1032 seu
1078 953 1286 1059 imperfecta
1322 983 1386 1036 ne-

218 1077 303 1158 dum
321 1079 509 1168 dirimens,
537 1079 599 1160 sed
624 1105 669 1159 ne
698 1077 890 1184 impediens
917 1074 1063 1182 quidem
1091 1077 1382 1183 impedimentum

218 1203 304 1282 oriri
332 1203 407 1308 (2).

297 1331 459 1407 Ceterum
488 1353 569 1408 com
595 1325 753 1406 Ecclesia
782 1325 849 1404 hoc
876 1325 1169 1430 impedimentum
1197 1323 1381 1405 induxerit

219 1471 281 1554 per
309 1449 601 1556 approbationem
638 1449 815 1528 duntaxat
852 1447 988 1528 romani
1024 1447 1141 1552 quoad
1176 1447 1242 1526 boc
1275 1447 1378 1544 iuria,

218 1575 502 1680 uumquecirilos
521 1575 700 1654 variarum
717 1572 875 1676 gentium
894 1571 989 1674 leges
1007 1571 1125 1676 quoad
1136 1573 1380 1676 cognationem

220 1695 367 1801 legalem
396 1699 477 1804 plus
504 1699 666 1778 minusve
694 1695 864 1776 distenta
885 1689 1020 1774 romani
1039 1695 1128 1780 iuris
1154 1696 1382 1800 areopolioce

215 1841 281 1900 oen
308 1820 465 1925 perfecta
487 1821 688 1927 adoptione,
708 1819 783 1898 sola
803 1818 995 1922 apostolica
1011 1817 1120 1898 Sedes
1148 1843 1212 1924 pro
1240 1819 1381 1898 diversa

215 1941 374 2024 civilium
402 1945 563 2024 codicum
591 1945 729 2024 ratione
757 1941 905 2022 delinire
933 1953 1030 2020 certa
1050 1942 1229 2022 sententia
1249 1944 1379 2047 poterit

214 2070 480 2174 quaestionem,
515 2094 561 2146 an
598 2081 682 2148 eta
710 2065 841 2170 quibus
876 2064 1048 2146 eiusmodi
1089 2063 1380 2171 impedimentum

217 2193 432 2274 matrimonii
461 2193 679 2272 incurratur.

323 2309 461 2405 ouibus
488 2316 692 2421 praemissis
719 2313 950 2394 statuendum
979 2326 1051 2394 est:

296 2447 361 2520 ec.
394 2432 537 2518 Primo:
567 2439 738 2542 Cognatio
765 2435 888 2542 Iopolis
917 2451 994 2518 orta
1013 2461 1056 2514 er
1077 2436 1266 2542 adoptione
1294 2461 1380 2517 con-

214 2555 337 2642 stituit
364 2562 654 2668 impedimentum
682 2559 852 2640 dirimens
880 2559 1142 2640 matrimonium
1161 2585 1205 2638 es
1225 2561 1302 2641 iure
1321 2587 1381 2642 ee-

214 2681 413 2766 clesiastico
440 2703 625 2766 romanum
652 2685 708 2764 ius
741 2683 858 2790 quoad
887 2683 954 2764 boc
990 2685 1210 2791 approbante
1248 2699 1283 2766 et
1311 2713 1374 2766 ex-

216 2810 372 2915 cipiente
401 2809 416 2915 (
444 2801 475 2915 ).

294 2941 359 3016 26.
392 2935 575 3016 Secundo:
605 2935 774 3037 Cognatio
801 2933 925 3038 lepolis
954 2933 998 3012 ad
1023 2932 1292 3014 similitudinem
1320 2960 1379 3014 co-
1437 2959 1459 2986 ··

215 3055 394 3162 guntionis
422 3058 598 3138 naturalis
617 3081 661 3136 ex
682 3058 758 3136 iure
773 3082 931 3152 romano,
954 3055 1017 3135 sed
1037 3056 1072 3134 vi
1092 3056 1180 3136 iuris
1199 3057 1374 3152 canonici,

215 3181 374 3262 fidelium
402 3181 602 3262 matrimoni
693 3179 827 3260 dirimit
855 3180 947 3258 inter
975 3193 1166 3286 sequentes
1185 3204 1373 3285 personas:

301 3317 335 3386 1⁰
362 3303 468 3387 Velut
496 3307 532 3384 in
562 3207 665 3384 lint&
684 3315 780 3384 recta
795 3315 830 3384 et
844 3305 947 3408 quasi
970 3303 1203 3410 paternitatis
1222 3303 1373 3400 ratione,

214 3435 311 3513 inter
347 3422 576 3536 adoptantem
601 3443 640 3512 et
677 3428 885 3534 adoptatum
913 3441 948 3508 et
976 3429 1053 3508 eius
1089 3429 1180 3510 lilios
1216 3429 1377 3538 aliosque

212 3554 487 3650 descendentem
518 3553 580 3660 qui
608 3567 765 3658 ternpore
792 3551 992 3658 adoptionis
1019 3567 1122 3634 erant
1141 3553 1208 3634 sub
1228 3553 1378 3660 adopta-

257 3839 261 3848 “
286 3828 483 3909 illatrant.
505 3841 532 3891 ol
551 3824 723 3906 Sebmalzgr.
747 3834 798 3890 lib.
819 3840 845 3890 t.
866 3836 914 3890 lil.
935 3840 977 3891 l2.
998 3851 1048 3891 aa.
1071 3836 1168 3892 la-aa.

285 3925 323 3998 ll)
344 3925 469 3982 sanabor
491 3921 509 3980 l.
530 3939 553 3980 c.
573 3937 603 3979 n.
626 3927 670 3980 to,
684 3954 702 3962 -
718 3923 892 3995 Scbmalzgr.
912 3923 985 3982 ibid.

286 4013 322 4086 c‘l)
343 4015 460 4072 Eruitur
482 4025 518 4070 ex
537 4011 681 4084 responsis
700 4013 803 4069 Nicolai
825 4015 837 4070 1
856 4013 891 4070 ad
917 4015 1046 4073 consulta
1060 4017 1248 4088 bulgarorum
1270 4029 1331 4088 cap.
1347 4019 1374 4070 2.

208 4102 245 4159 de
264 4098 472 4172 compatribus.
499 4097 549 4156 ubi
569 4092 686 4154 dicitur:
707 4117 721 4146 ‹<
737 4098 969 4170 quandoquidem
984 4113 1036 4158 noc
1051 4102 1126 4158 inter
1144 4102 1255 4172 eosqui
1271 4108 1376 4157 natura

212 4212 227 4242 ι
248 4195 276 4247 ot
294 4203 342 4246 eos
360 4188 410 4260 qui
429 4185 580 4257 acapltone
600 4181 650 4242 nul
672 4193 748 4252 sunt,
767 4189 946 4245 venerandae
971 4203 1105 4246 romanae
1129 4191 1204 4262 leges
1232 4191 1376 4247 matrimo-

213 4299 229 4330 ι
249 4277 330 4334 nium
350 4276 478 4334 contrabi
504 4274 697 4346 permittunt»
718 4279 771 4330 etc.
792 4277 834 4332 Ex
853 4275 905 4334 boc
928 4285 1022 4334 autern
1048 4279 1138 4348 capilo
1163 4283 1316 4348 excerptus
1334 4283 1377 4334 est

212 4365 263 4426 tit.
284 4369 318 4420 lt
338 4363 412 4421 libri
430 4369 445 4419 l
466 4361 662 4419 Decretallorn.
695 4359 764 4418 Vide
782 4363 831 4418 cll.
851 4365 1040 4436 opuseulum:
1061 4367 1205 4438 lleaponsa
1224 4365 1340 4424 Nicotat
1363 4367 1383 4422 Ι

212 4451 256 4511 cd
273 4451 406 4510 messalla
426 4450 548 4523 calpae.
567 4464 591 4507 c.
611 4453 638 4507 t.
656 4463 749 4522 pepp.
769 4453 833 4506 l-l.
