3402 5292
835 457 872 470 -
894 427 953 490 :tto
977 459 1012 472 -

340 562 447 640 quam
476 535 587 614 luisse
615 535 808 614 carnaliter
835 535 1012 638 cognitam
1042 562 1062 612 a
1095 533 1170 612 viro
1199 557 1278 626 suo,
1300 531 1434 636 quippe
1454 531 1516 636 qui

341 660 387 739 ob
421 659 629 762 genitalium
663 657 942 737 imbecillitatem
980 656 1132 738 coeundi
1167 654 1386 761 impotentia
1420 653 1522 732 labo-

341 809 440 876 ranS,
459 809 642 888 nunquam
660 782 773 862 valuit
790 783 1053 864 matrimonium
1069 805 1332 875 consummare,
1352 780 1517 886 quamvis

343 907 421 1011 ipsa
450 932 528 985 sese
558 905 633 984 viro
670 905 895 986 obedientem
934 905 1141 986 exhibuerit
1177 905 1325 984 adrem
1354 907 1515 984 uxoriam

342 1030 469 1109 libenti
499 1031 616 1108 animo
645 1029 882 1135 pluribusque
901 1029 1030 1122 modis,
1054 1055 1144 1133 qnos
1164 1027 1311 1135 pudoris
1332 1029 1411 1106 velo
1431 1053 1517 1134 ope·

342 1153 412 1231 rire
440 1155 554 1233 satius
583 1166 660 1246 est3
691 1167 728 1232 et
747 1153 801 1232 vir
820 1179 864 1232 ex
885 1168 987 1258 parte
1008 1153 1063 1232 sui
1084 1152 1168 1232 data
1188 1151 1283 1230 omni
1303 1177 1411 1256 opera
1433 1152 1515 1231 huic

343 1275 568 1379 assequendo
596 1275 658 1354 fini
686 1290 837 1356 conatus
866 1277 973 1356 luerit
1002 1276 1153 1356 durante
1181 1275 1287 1378 longo
1306 1301 1347 1354 ac
1372 1275 1517 1355 morali-

342 1412 397 1477 ter
425 1399 594 1478 continuo
622 1397 758 1477 biennii
787 1400 904 1505 spatio
932 1399 1015 1479 inde
1035 1427 1055 1476 a
1076 1399 1188 1504 prima
1219 1413 1323 1478 nocte
1351 1413 1388 1478 et
1407 1401 1517 1504 quin-

343 1521 456 1632 decim
486 1521 615 1601 diebus
643 1523 791 1629 Neapoli
820 1526 1026 1620 transactis,
1058 1524 1104 1602 ad
1123 1526 1267 1604 ultimos
1296 1549 1409 1627 usque
1439 1521 1516 1600 dies

343 1646 594 1752 separationis.
626 1647 764 1736 ouibus
793 1671 863 1726 non
892 1648 970 1753 ipsa
999 1631 1127 1754 priuS,¹
1144 1649 1207 1728 sed
1236 1651 1290 1726 vir
1318 1647 1409 1740 eius,
1441 1645 1517 1724 lru-

342 1783 456 1850 strato
484 1797 525 1848 ac
545 1773 678 1850 nocivo
706 1771 827 1850 labore
855 1773 1016 1869 edoctus,
1049 1776 1315 1854 matrimonium
1344 1798 1517 1853 consum-

343 1920 440 1972 mare
470 1892 589 1972 lorsau
617 1909 653 1974 et
682 1896 758 2000 ipse
794 1895 1004 2002 desperem,
1036 1898 1224 2000 «coniugali
1253 1897 1409 1976 tbolamo
1437 1896 1515 1974 vale

348 2017 485 2112 dicens,
517 2044 538 2094 a
566 2017 844 2097 condormitione
864 2021 1019 2100 maritali
1040 2021 1200 2115 recessit,
1224 2045 1295 2098 non
1315 2033 1435 2099 tamen
1454 2018 1518 2098 de-

346 2143 480 2223 sistens
507 2169 526 2220 a
556 2143 700 2244 iugibus
719 2145 958 2239 contumeliis,
977 2146 1146 2224 conviciis
1166 2171 1207 2224 ac
1227 2145 1412 2239 molestiis,
1435 2146 1517 2248 qui-

345 2267 414 2346 bus
429 2291 505 2344 earo
522 2267 598 2370 ipse
612 2268 761 2372 eiusque
781 2282 894 2347 mater
912 2270 987 2347 sire
1002 2267 1150 2363 directe,
1168 2268 1243 2346 sive
1263 2267 1436 2346 indirecte
1452 2268 1517 2344 im-

345 2391 581 2497 pellebantad
600 2393 797 2471 maritalem
814 2392 955 2472 domum
970 2392 1218 2472 deserendam.
1233 2396 1305 2472 Nec
1319 2393 1515 2496 quidquam

346 2540 387 2594 eo
417 2515 586 2620 temporis
614 2541 694 2594 eum
723 2515 914 2621 proiecisse
942 2530 1100 2610 enarrat,
1123 2517 1287 2621 quamuis
1315 2529 1351 2594 et
1370 2515 1518 2620 peritis-

346 2637 454 2716 simos
468 2637 622 2716 modicos
636 2639 869 2732 consuluerit,
890 2653 927 2718 et
937 2638 1169 2718 medicamina
1185 2639 1405 2733 adbibuerit,
1423 2665 1516 2743 quae

346 2785 426 2840 eum
457 2762 494 2840 in
522 2788 627 2866 grave
656 2775 751 2842 ritae
779 2762 984 2857 discrimen,
1016 2763 1072 2842 rel
1100 2763 1225 2842 saltem
1253 2764 1291 2842 in
1321 2788 1425 2866 grave
1455 2789 1518 2840 va-

345 2885 518 2966 letudinis
537 2886 705 2966 damnum
726 2885 960 2966 induxerunt.
975 2931 999 2948 -
1014 2892 1115 2966 Hanc
1132 2912 1235 2993 porro
1251 2889 1318 2966 viri
1333 2887 1388 2966 sui
1405 2888 1518 2992 impo-

346 3015 494 3092 tentium
523 3011 674 3092 coeundi
703 3011 887 3090 confirmat
907 3011 952 3090 ab
973 3011 1091 3090 adhuc
1109 3025 1255 3090 extante
1283 3037 1346 3088 sua
1369 3011 1517 3118 physica

347 3136 568 3238 virginitate.
600 3140 760 3225 Oua'tuor
789 3136 898 3238 igitur
927 3133 1167 3239 depositiones
1187 3135 1225 3212 in
1240 3133 1362 3212 endem
1392 3159 1518 3212 narra-

349 3262 445 3338 tione
474 3260 624 3364 protulit
651 3259 780 3352 actrix,
813 3285 939 3366 nempe
959 3260 1001 3337 de
1023 3260 1365 3340 inconsummatione
1394 3259 1519 3338 matri-

350 3384 477 3479 monii,
522 3383 566 3462 de
601 3383 826 3463 antecedenti
864 3410 904 3461 ao
941 3384 1101 3486 ingenita
1130 3384 1197 3464 viri
1235 3384 1443 3487 impotentia
1472 3383 1517 3461 ad

348 3508 525 3611 copulam,
545 3505 588 3586 do
604 3533 668 3584 sua
680 3507 828 3612 physica
844 3507 1063 3610 virginitate,
1087 3506 1131 3584 do
1147 3505 1227 3585 odio
1248 3520 1356 3610 atque
1377 3507 1517 3586 iniuriis

347 3631 523 3710 immerito
552 3633 726 3724 toleratio,
758 3631 894 3736 absque
923 3631 995 3709 ulla
1024 3657 1087 3736 spe
1116 3631 1429 3710 reconciliationis.

431 3765 493 3834 19.
526 3759 599 3832 lam
629 3779 712 3833 vero
741 3755 867 3857 viginti
906 3769 984 3834 octo
1021 3768 1131 3834 testes
1159 3755 1265 3834 iurati
1295 3769 1333 3834 et
1361 3753 1430 3834 lide
1460 3754 1518 3832 di-

348 3878 408 3982 gni
438 3877 545 3956 buius
573 3877 780 3982 multiplicis
808 3879 1042 3984 depositionis
1070 3879 1214 3956 veritati
1248 3877 1513 3980 suffragantur,

348 4018 384 4083 et
413 4003 654 4108 plenissimam
684 4002 787 4082 fidem
816 4003 966 4082 iaciunt.
999 4003 1181 4082 Habemus
1200 4005 1293 4081 enim
1314 4017 1448 4107 septem
1465 4015 1519 4082 te-

348 4143 421 4210 stes
437 4131 606 4236 septimae
615 4155 743 4207 monus
759 4143 999 4233 nuncupotm,
1018 4129 1106 4206 alios
1121 4127 1307 4206 duodecim
1322 4127 1367 4206 ab
1387 4127 1518 4206 actrioe

349 4255 553 4358 productos,
590 4267 626 4332 et
656 4277 782 4332 novem
809 4279 829 4330 a
859 4251 1044 4332 delensore
1074 4251 1272 4332 validitatis
1300 4251 1517 4330 matrimonii

348 4377 542 4473 exhibitae,
588 4377 723 4482 quique
756 4375 905 4482 proinde
934 4375 1058 4456 baberi
1095 4391 1247 4481 possunt
1283 4391 1466 4482 tamquam
1494 4404 1515 4455 a
