1035 1506
402 205 425 228 ·
519 202 608 218 -m-

270 234 320 254 sione
334 234 408 254 alterius
417 234 497 260 coniugis
507 233 619 255 discedentis,
630 233 723 253 deficiente
733 234 752 253 in
761 240 804 253 casu
811 240 854 254 con-

270 265 349 286 ditione:
365 265 381 284 si
399 265 476 291 infidelis
494 265 576 286 discedit,
596 264 671 291 (fidelis)
688 265 778 288 discedan-
798 271 852 292 quum

271 303 306 316 non
320 296 372 316 modo
382 296 473 322 ignoretur
482 296 576 318 discessus,
586 296 617 316 sed
631 299 649 316 et
659 297 730 315 omnino
739 296 801 316 deesse
810 303 854 323 sup-

271 331 356 354 ponatur,
371 328 413 354 quia
423 331 441 347 et
451 327 497 347 alter
510 327 575 347 coniux
585 326 681 347 exhibetur
694 330 715 347 ut
725 327 747 346 ad
757 327 809 347 fidem
819 327 853 347 iam

271 365 367 378 conversus
381 362 460 385 ternpore
469 364 506 385 quo
515 358 561 378 alter
571 364 626 378 novas
640 358 758 378 contrahebat
772 359 851 385 nuptias.

271 391 314 410 Cum
335 396 377 415 ergo
398 389 459 409 divino
480 390 529 412 iure,
550 389 616 410 Christi
635 389 673 415 lege
692 389 768 413 sancito,
788 396 853 409 novum

253 424 255 426 “
272 424 348 447 nequeat
367 420 408 440 iniri
426 420 503 446 coniugii
522 420 585 440 foedus
603 420 638 439 nisi
654 420 718 446 prioris
736 421 854 440 consummati

274 451 386 471 matrimonii
404 451 495 470 vinculum
508 451 601 475 solvatur;
616 457 655 470 eum
675 451 709 471 hoc
724 451 762 471 fieri
777 455 854 478 nequeat

272 483 307 502 nisi
322 482 349 502 vel
364 482 469 502 alterutrius
487 482 568 508 coniugis
585 486 648 506 morte,
665 482 692 502 vel
710 482 726 502 vi
741 482 829 509 privilegii
843 489 853 502 a

273 513 328 533 Paulo
342 513 459 540 promulgati3
474 519 550 539 cumque
565 513 609 533 haec
625 513 643 532 in
660 519 702 533 casu
722 513 797 533 deficere
810 520 854 540 sup-

272 547 363 571 ponantur
377 547 395 563 et
409 544 525 563 nihilominus
543 544 625 564 Pontifex
644 544 702 563 valida
719 544 804 565 decernat
822 551 854 571 po-

271 576 345 595 sieriora
368 575 462 600 coniugia:
482 575 624 595 concludendum
643 576 714 595 omniuo
735 579 772 599 est,
795 576 853 602 ipsum

271 606 293 626 de
307 606 415 633 apostolicae
428 606 541 632 plenitudine
551 606 653 632 potestatis,
664 612 696 632 per
703 607 853 633 dispensationem

271 638 321 664 prius
335 637 379 657 illud
394 637 484 657 vinculum
498 637 591 663 coniugale
605 637 716 661 dissolvisse;
733 638 767 657 nisi
779 638 814 658 dici
824 645 854 658 ve-

270 668 298 692 lit,
314 669 404 687 Summum
419 668 529 692 Pontificem,
545 668 594 688 nullo
604 668 714 694 suffragante
724 668 769 692 iure,
781 669 854 695 polyga-

271 699 323 718 miarn
342 699 462 725 dispensando
475 699 584 725 permisisse,
603 699 631 719 vel
650 700 703 719 eliam
722 699 851 726 polyandriarn.

270 731 325 750 Secus
338 730 386 750 enirn
400 730 480 750 Pontifex
495 730 544 749 haud
558 730 645 756 potuisset
662 730 760 755 declarare,
776 731 853 751 rescindi

271 768 362 788 uunquam
376 761 443 783 debere,
458 760 488 781 sed
501 761 563 780 calida
571 764 587 781 et
595 761 650 787 firma
659 768 695 781 esse
704 762 802 788 posteriora
812 769 854 782 cou-

270 792 318 818 iugia
332 799 342 812 a
357 793 446 812 conversis
460 795 558 812 contracta.
574 793 632 818 Atque
646 792 686 812 ideo
700 793 796 818 Gregorius
810 794 854 813 xm

270 824 288 843 in
302 823 365 843 iisdem
379 823 444 843 litteris
458 823 545 843 eiusmodi
559 830 570 843 a
584 824 639 850 priori
653 823 725 844 vinculo
736 824 855 850 dispensatio-

269 861 310 875 nem
328 861 452 878 concessurus,
468 854 523 874 huius
537 855 631 881 potestatis
648 855 714 875 diserte
732 855 760 875 bis
775 855 855 875 meminit

270 886 340 906 verbis:
357 894 365 904 α
378 886 446 905 Idcirco
460 892 492 905 uus
508 886 630 909 attendentes,
648 886 750 906 huiusmodi
766 886 854 906 connubia

270 917 318 937 inter
332 916 412 936 infideles
426 920 524 940 contracta,
541 920 582 936 ver‘a
596 917 676 943 quidem,
692 920 797 937 nontamen
810 917 855 937 adeo

271 951 310 967 rata
324 947 400 970 censeri,
417 950 438 966 ut
454 947 556 966 necessitate
574 947 658 966 suadente
674 947 749 967 dissolui
765 954 799 967 non
813 954 855 974 pos—

270 978 315 1000 sint,
324 994 329 997 .
340 994 344 997 .
355 993 359 997 .
375 978 445 1004 plenam
459 978 566 997 auctoritate
580 977 684 1004 apostolica,
700 982 761 998 tenore
770 985 855 1005 praesen-

270 1010 322 1033 tium,
338 1009 450 1029 concedimus
464 1008 567 1029 facultatem
577 1009 693 1035 dispensandi
703 1013 738 1029 ete⁴
750 1017 767 1028 ›⁴
777 1009 854 1029 -Urba-

270 1047 312 1060 num
326 1041 369 1060 VIII
383 1040 458 1060 eundem
467 1040 618 1066 dispensationem
628 1046 753 1060 concessurum
763 1041 781 1060 in
792 1041 854 1060 iisdem

270 1072 335 1092 litteris
349 1072 397 1092 datis
411 1074 436 1092 ΞΟ
451 1071 528 1092 octobris
543 1073 601 1095 1624,
617 1075 635 1091 et
649 1078 719 1092 rursum
738 1074 760 1092 17
778 1075 855 1099 septem-

270 1103 308 1123 bris
323 1105 372 1122 1627
388 1103 495 1126 declarasse,
513 1103 573 1122 Sedem
583 1103 698 1129 apostolicam
708 1110 729 1123 ez
739 1104 792 1130 qravi
800 1110 854 1124 causa

268 1140 319 1160 posse
332 1133 430 1160 aliquando
443 1133 560 1153 matrimonia
573 1133 672 1159 infidelium
686 1134 788 1156 dissolvere,
800 1138 856 1155 testa-

270 1168 300 1184 tur
314 1165 413 1184 Cardinalis
427 1166 477 1190 Lugo
491 1165 509 1184 in
520 1165 579 1184 libello
593 1165 669 1191 supplici
679 1172 732 1192 quem
742 1166 798 1186 eidem
808 1167 855 1186 Pon-
