3446 5298
828 331 1004 396 ..ms-

507 455 685 524 Secundo:

507 564 572 630 Pro
587 561 716 650 quibus
732 562 818 632 locis
834 563 1063 632 Benedictina
1080 564 1286 632 declaratio
1303 563 1413 633 tuerit

461 668 555 754 tata;
581 668 624 738 ad
648 689 737 757 quae
760 668 841 737 dein
858 677 1022 752 extenso,
1050 669 1108 738 rel
1133 669 1198 758 ipsi
1218 669 1414 740 tridentino

464 776 613 842 Decreto
628 776 839 864 deropotnm
859 811 1282 841 .........
1322 796 1407 866 pop.
1438 781 1501 845 136

508 879 675 951 Rationes
692 880 797 950 huius
810 882 1078 950 Declarcttonts
1094 885 1132 950 et
1145 884 1408 951 detensionis»
1440 887 1502 950 140

507 986 732 1056 Matrimonia
753 986 1016 1056 lrdcrcttcoram
1040 992 1078 1056 et
1102 987 1358 1058 catholicorum
1378 990 1414 1058 vi

464 1095 605 1160 Decrett
629 1097 666 1160 et
691 1095 958 1163 declarationis
988 1114 1035 1162 au
1066 1099 1104 1162 et
1134 1094 1274 1183 quando
1297 1095 1414 1164 valida

465 1201 604 1270 ratione
628 1201 785 1272 locorum
803 1251 1341 1267 ..........
1393 1229 1408 1264 n
1440 1207 1502 1268 rte

422 1313 453 1387 fi.
482 1311 512 1373 2.
540 1310 588 1374 Ite
613 1307 818 1376 assistentia
842 1307 984 1396 parochi
998 1325 1040 1376 ac
1064 1307 1224 1375 testium.
1277 1359 1284 1373 .
1335 1359 1343 1374 .
1394 1313 1502 1374 »146

421 1412 458 1500 a)
483 1412 604 1493 Qualis
626 1413 800 1502 parochus
827 1415 994 1482 assistere
1024 1411 1152 1482 debeat
1182 1411 1415 1482 celebrationi

467 1519 686 1590 matrimonii
747 1548 1410 1586 ............
1453 1519 1501 1586 ib.

419 1627 452 1711 0)
476 1629 571 1706 Quot
601 1630 640 1692 et
670 1625 792 1714 quales
822 1629 936 1694 testes
959 1623 1186 1692 matrimonio
1212 1623 1335 1693 adesse
1354 1624 1415 1692 de-

464 1732 573 1800 beant
628 1781 1284 1798 ............
1337 1779 1347 1798 .
1395 1759 1411 1794 n
1441 1735 1504 1798 148

422 1837 452 1926 e)
478 1837 656 1918 Quomodo
680 1836 852 1927 parochus
874 1855 916 1904 ac
939 1841 1051 1906 testes
1079 1836 1253 1925 coniugali
1284 1836 1414 1906 loederi

467 1942 640 2012 interesse
664 1940 818 2010 debcant
865 1993 1344 2010 .........
1394 1971 1410 2004 n
1440 1947 1503 2008 140

423 2061 454 2134 5.
482 2055 512 2118 3.
540 2054 588 2118 De
622 2049 659 2118 vi
695 2048 915 2138 synodalium
955 2049 1257 2118 constitutionum
1299 2047 1413 2138 quoad

467 2155 772 2226 clandestinitatis
803 2155 1096 2244 impedimentum
1100 2207 1344 2223 .....
1393 2185 1409 2220 n
1441 2160 1503 2224 150

510 2263 618 2362 110,νί
643 2261 777 2330 decreti
801 2261 930 2350 Synodi
947 2262 1142 2332 libanensis
1157 2264 1411 2332 ltaronitarum

465 2391 510 2439 ex
534 2367 803 2438 confirmatione
822 2368 1014 2457 apostolica
1032 2369 1068 2439 in
1085 2369 1196 2439 torma
1213 2369 1375 2460 specifica
1394 2400 1410 2434 n
1441 2376 1500 2438 151

510 2479 559 2543 Dc
583 2473 875 2544 clandestinitate
899 2475 1034 2544 veteris
1056 2475 1156 2559 iuris,
1180 2481 1219 2544 et
1235 2475 1278 2546 de
1293 2477 1414 2545 valore

468 2581 686 2652 matrimonii
703 2581 824 2650 habita
841 2582 981 2650 ratione
997 2581 1040 2650 ad
1055 2580 1340 2652 benedictionem
1354 2603 1416 2652 scu

467 2689 731 2758 coronationem
755 2685 846 2776 apud
869 2707 929 2756 cas
947 2687 1148 2756 orientales
1163 2691 1352 2774 Ecclesiae,
1379 2689 1417 2756 in

467 2795 595 2886 quihus
615 2794 855 2886 §identinum
878 2793 1061 2863 decretum
1088 2815 1159 2862 non
1183 2800 1240 2864 est
1263 2796 1416 2885 promul·

468 2906 590 2990 gatum
630 2949 1345 2967 .............
1396 2907 1505 2968 »161

334 3007 416 3075 llar.
442 3011 482 3075 V.
509 3011 557 3074 Dc
583 3006 836 3095 impedimento
858 3003 1008 3074 duorum
1037 3005 1246 3092 criminum,
1280 3006 1417 3076 scilicet

469 3113 635 3183 adulterii
659 3119 697 3180 et
717 3110 896 3180 homicidii
927 3142 1412 3180 .........
1443 3117 1505 3180 166

425 3229 456 3304 5.
488 3227 515 3288 l.
543 3221 596 3288 dn
620 3225 656 3287 et
673 3218 1100 3309 quandodirimatsolum
1116 3219 1343 3288 adulterium.
1395 3247 1410 3281 n
1452 3217 1501 3284 ib.

427 3334 458 3408 g.
485 3333 516 3393 1.
544 3326 596 3393 dn
613 3331 651 3393 et
667 3323 962 3413 quandodirimat
977 3323 1204 3394 homicidium
1222 3325 1347 3394 solum.
1397 3353 1413 3387 n
1444 3328 1505 3390 167

426 3441 458 3516 §-
486 3439 517 3500 3.
544 3433 689 3513 Quando
712 3431 857 3501 dirimat
871 3437 1076 3521 „utrumque
1105 3431 1252 3514 crimen,
1279 3431 1416 3501 scilicet

470 3535 685 3604 adulterium
710 3535 814 3604 simul
838 3540 876 3602 et
898 3533 1126 3604 homicidium
1164 3588 1171 3602 .
1222 3587 1229 3602 .
1280 3587 1288 3602 .
1340 3587 1348 3602 .
1398 3563 1414 3596 n
1445 3537 1506 3600 150

514 3641 603 3722 Quid
634 3641 676 3709 dc
701 3640 955 3730 impedimento
984 3640 1144 3709 criminis
1173 3639 1311 3709 alideli
1336 3659 1418 3708 cum

441 3745 602 3816 ‘inlideli
627 3746 760 3835 patrati
806 3795 1347 3814 ..........
1397 3771 1413 3808 2
1443 3745 1506 3809 160

513 3852 603 3934 Quid
628 3853 714 3921 iuris
734 3851 827 3937 apud
854 3853 1056 3924 orientales
1080 3852 1259 3920 Ecclesias
1280 3869 1351 3938 quo
1375 3848 1419 3916 ad

469 3961 535 4029 hoc
554 3959 847 4048 impedimentum
866 4006 1346 4026 .........
1398 3980 1414 4016 n
1455 3952 1502 4021 ib.

334 4069 428 4136 car.
454 4069 495 4131 V.
521 4071 570 4134 Do
594 4065 856 4155 dispensatione
880 4065 924 4132 ab
949 4065 1213 4154 impedimentis
1236 4064 1417 4137 matrimo-

469 4172 569 4242 nium
600 4173 859 4242 dirimentibus.
887 4175 933 4240 Et
961 4171 1133 4260 quaedam
1156 4171 1199 4240 de
1228 4175 1417 4242 eonsuetu-

470 4277 553 4346 dine
576 4278 689 4367 quoad
714 4277 924 4348 facultatem
948 4278 1171 4367 dispensandi
1221 4327 1227 4343 .
1279 4329 1286 4342 .
1338 4329 1346 4342 .
1397 4279 1505 4342 atffl
