3444 5302
718 435 872 498 -fl..

220 558 303 638 talis
330 572 496 639 mutuum
523 558 568 638 de
595 559 775 664 praesenti
803 583 1015 639 eonsensum
1049 559 1087 636 in
1121 559 1389 639 matrimonium

218 697 427 789 praestant,
458 709 530 762 non
559 697 679 762 autem
707 681 885 789 explicitis
913 681 1045 770 verbis,
1089 695 1129 762 ut
1157 681 1254 789 apud
1281 683 1386 762 latini

217 807 309 887 ritus
337 806 461 886 fideles
488 833 563 886 mos
582 821 661 888 est:
692 810 755 912 qui
783 808 867 888 item
896 807 926 886 si
955 805 1149 912 aliquando
1168 807 1253 886 solis
1272 807 1386 910 signis

219 957 289 1010 non
308 931 428 1012 uerbis
455 955 667 1011 consensum
695 931 910 1038 exprimant,
941 954 1062 1008 eorum
1081 929 1179 1008 ralet
1201 931 1389 1008 matrimo-

218 1056 331 1152 nium,
362 1067 406 1134 ut
431 1056 524 1134 inlra
552 1053 738 1137 notabitur
766 1057 781 1159 (
811 1055 840 1158 )
1278 1132 1283 1140 ,

299 1187 336 1257 7.
368 1181 496 1284 Itaque
523 1177 774 1274 coronatione,
805 1191 1006 1284 utsupra,
1036 1191 1199 1282 peracta,
1230 1176 1386 1280 aliisquo

218 1301 377 1380 recitatis
395 1301 576 1406 precibus,
607 1302 773 1382 sacerdos
791 1327 974 1382 commune
993 1301 1160 1406 poculum
1179 1298 1379 1394 benedicit,

217 1449 258 1502 ac
288 1439 341 1504 ter
369 1423 581 1528 coniugibus
608 1425 770 1530 praehet.
801 1429 900 1506 Bona
927 1425 1083 1530 denique
1111 1425 1274 1528 utrisque
1293 1424 1383 1502 omi-

216 1561 338 1644 natur,
369 1563 406 1628 et
432 1575 581 1628 coronas
608 1549 809 1654 detrahit(
838 1551 868 1655 ).

296 1681 334 1750 8.
366 1677 466 1752 Hanc
486 1687 605 1754 autem
624 1673 831 1780 nuptiarum
851 1672 1136 1754 benedictionem
1164 1672 1273 1754 etiam
1301 1671 1381 1778 Syri

216 1795 395 1876 lacobitae
414 1811 450 1876 et
469 1797 671 1878 Nestoriani
691 1812 728 1878 et
746 1799 872 1904 Cophti
892 1798 1151 1878 coronationem
1170 1796 1378 1902 appellant:

216 1917 311 2022 quod
339 1935 377 2000 et
404 1921 589 2026 antiquam
617 1948 694 2002 esse
723 1922 852 2028 probat
873 1921 1046 2002 eiusmodi
1074 1919 1324 2002 caerimoniam
1344 1933 1383 2000 et

218 2043 461 2123 Orientalibus
488 2044 653 2124 omnibus
681 2071 916 2128 communem.

294 2173 333 2244 9.
364 2171 472 2246 Porro
500 2169 601 2248 iurta
629 2169 726 2276 ipsos
755 2171 990 2250 Orientalium
1013 2171 1119 2264 ritus,
1151 2167 1382 2248 Thessaloni-

217 2291 331 2370 censis
357 2291 511 2396 forment
531 2291 640 2372 huius
659 2298 872 2376 sacramenti
891 2294 928 2372 in
947 2319 1123 2374 consensu
1146 2289 1380 2398 perverbum

215 2413 293 2493 colo
320 2441 527 2520 expressum
554 2418 727 2520 agnoscit.
759 2420 815 2496 Sic
843 2417 986 2498 Armeni
1013 2416 1134 2522 sponsi
1167 2442 1188 2494 a
1223 2415 1379 2520 parocho

215 2564 278 2618 seu
306 2539 489 2620 sacerdote
516 2539 561 2620 de
588 2565 764 2622 consensu
792 2545 828 2621 in
857 2541 1140 2637 matrimonium,
1169 2567 1267 2621 more
1294 2541 1384 2622 lati-

215 2687 366 2760 norum,
395 2664 533 2768 rogati,
564 2663 695 2746 nedum
723 2670 760 2744 in
788 2665 1016 2772 sponsalibus
1043 2664 1088 2746 de
1116 2663 1237 2745 loturo
1264 2663 1383 2770 eupli-

215 2786 324 2866 eitum
352 2813 563 2868 consensum
590 2791 774 2886 emittunt,
805 2789 868 2870 sed
896 2804 933 2870 et
960 2789 995 2868 in
1026 2789 1103 2894 ipsa
1131 2789 1286 2895 nuptiali
1314 2790 1382 2868 he·

214 2908 414 2990 nedictione
442 2938 505 2991 seu
533 2913 760 2993 coronatione
792 2911 960 3019 explicito
991 2914 1105 2994 verbis
1138 2939 1305 2992 consenso
1333 2912 1380 2992 de

214 3035 396 3138 praesenti
428 3037 690 3116 matrimonium
723 3037 919 3118 celebrant.
937 3083 961 3096 -
981 3039 1133 3118 Goarius
1161 3051 1304 3132 autem,
1335 3049 1379 3116 nt

214 3155 390 3254 uidimus,
426 3159 463 3236 in
491 3158 613 3239 eodem
641 3186 817 3242 consensu
846 3161 954 3240 huius
982 3161 1198 3248 sacramenti
1220 3162 1380 3266 formem

213 3281 366 3385 reponit,
398 3281 460 3362 sed
488 3283 686 3388 significato
714 3311 778 3391 per
796 3297 916 3366 actum
943 3285 1041 3366 illum
1062 3285 1284 3374 sensibilem,
1305 3313 1376 3392 quo

215 3404 335 3507 sponsi
364 3430 442 3484 sese
469 3407 690 3487 coronandos
718 3409 903 3489 exhibent.
921 3455 946 3467 —
966 3417 1081 3514 litque
1111 3411 1161 3491 ita
1189 3411 1380 3490 Thessalo-

212 3525 368 3605 nicensis
396 3543 433 3608 et
459 3530 623 3626 Goarius,
654 3531 710 3610 vel
739 3533 847 3613 etiam
875 3535 975 3614 iuxta
1004 3535 1240 3614 Orientalium
1268 3535 1378 3614 disci-

212 3647 370 3754 plinam,
409 3651 506 3757 ipsos
532 3655 785 3738 contrahentes
812 3657 921 3737 huius
948 3659 1162 3738 sacramenti
1192 3657 1375 3737 ministros

212 3795 289 3852 esse
308 3773 506 3872 declarant,
537 3804 609 3858 non
628 3793 747 3860 autem
767 3781 999 3879 sacerdotem,
1022 3783 1084 3888 qui
1113 3783 1254 3862 ritualis
1277 3809 1378 3864 coro·

212 3895 370 3976 nationis
396 3903 535 4004 peragit
563 3903 811 3984 caerimoniam
841 3906 913 4010 (3).

284 4125 321 4198 tl)
341 4129 374 4184 ln
394 4129 645 4202 disceptationes.
665 4141 776 4205 quant.
798 4139 824 4191 t.

282 4217 318 4287 (2)
337 4217 406 4276 Vide
425 4221 498 4276 Goar
516 4221 566 4277 loc.
586 4221 636 4280 cit.
658 4237 721 4294 pag.
741 4225 804 4281 319.

283 4303 573 4378 [31Clrhntoincin
593 4311 640 4370 eit.
661 4311 818 4384 appendice
837 4327 901 4386 pag.
921 4313 983 4371 358.
