3424 5300
642 539 679 556 -·
703 507 759 572 197
781 537 819 555 -

229 639 290 711 17.
322 639 373 710 De
399 643 527 712 secreto
554 632 775 739 sinpclorem
803 633 946 712 testium
974 629 1151 710 acumine.

222 756 425 837 Notandum
446 760 593 865 insuper
611 758 706 866 quod
729 771 838 840 testes
854 768 983 838 secreto
1000 769 1037 837 ct
1060 757 1205 835 seorsim
1220 779 1305 836 era·

145 880 273 959 minari
306 907 346 960 33
378 881 554 988 deponere
591 883 724 964 debent
752 882 826 991 (l).
868 883 975 962 Ratio
1022 881 1227 987 multiplex,
1270 893 1307 960 at

146 1005 313 1111 princeps
340 1019 409 1102 est,
440 1019 481 1086 31
510 1018 619 1086 133133
652 1005 800 1086 liberius
827 1005 1010 1113 prolerant
1040 1005 1241 1102 veritatem,
1272 1019 1309 1085 et

146 1129 178 1208 si
192 1155 295 1210 secus
310 1129 458 1212 fecerint
472 1131 611 1212 facilius
625 1133 763 1239 possint
782 1129 826 1210 de
841 1131 996 1212 falsitate
1010 1131 1171 1212 convinci
1190 1155 1309 1211 exem-

146 1251 208 1358 plo
236 1255 391 1335 Danielis
419 1281 483 1362 pro
511 1262 673 1337 Susanna
701 1257 780 1363 (1);
799 1299 823 1318 -
842 1283 883 1336 33
901 1257 982 1335 viva
1010 1281 1108 1351 voce,
1131 1255 1310 1335 3333331-

144 1391 210 1484 pto
236 1378 273 1457 in
301 1379 376 1458 loco
403 1379 525 1458 iudicii
553 1381 731 1487 deponere
758 1380 936 1460 ordinarie
964 1380 1109 1476 debent,
1132 1393 1174 1459 ut
1201 1377 1308 1458 iudex

146 1503 268 1584 videre
305 1503 417 1609 possit
445 1517 480 1584 et
508 1505 631 1584 audire
668 1532 738 1612 quo
766 1505 888 1601 vultu,
925 1531 996 1611 qua
1024 1504 1225 1584 constantia
1253 1503 1308 1582 vel

145 1629 384 1736 trepidatione
412 1631 515 1710 testis
544 1629 712 1735 loquatur
739 1631 754 1734 (
784 1631 814 1736 ).

230 1763 291 1833 18.
323 1757 426 1833 Retio
454 1753 619 1832 scientiae
647 1755 802 1834 testium.

226 1881 310 1957 Cum
322 1879 359 1958 in
369 1878 533 1957 omnibus
548 1879 716 1982 gravibus
726 1881 856 1975 causis,
874 1891 950 1959 turn
965 1880 1171 1985 pracsertim
1183 1881 1221 1959 in
1234 1905 1309 1960 naa-

147 2001 1305 2114 trirnonialibus,rnaxirneinterestadveriteterndignoscendam,

145 2143 190 2208 ut
208 2141 318 2208 testes
338 2129 509 2207 rationem
524 2151 610 2207 suae
625 2125 776 2207 reddant
791 2127 1045 2225 attestationis,
1064 2153 1127 2208 sen
1147 2148 1307 2216 caucum,

145 2267 189 2334 31
204 2251 701 2358 31331331331133[33133331.
719 2251 862 2334 -Unde
871 2253 973 2333 testis
987 2253 1137 2360 positive
1157 2255 1310 2335 interro·

145 2393 252 2484 gatus
271 2379 315 2458 de
334 2381 390 2458 sui
418 2377 567 2459 scientie
596 2379 803 2475 testimonii,
836 2380 1049 2486 respondere
1079 2380 1186 2463 debet
1219 2383 1310 2464 assi-

143 2501 413 2608 gnandodictae
424 2503 593 2582 scientiae
607 2527 750 2582 causam
765 2502 866 2582 itaut
881 2505 910 2582 si
921 2502 1134 2610 respondere
1146 2506 1308 2586 uolitant

142 2640 314 2733 nequeat,
332 2651 374 2704 eo
388 2625 443 2706 vel
458 2627 569 2730 magis
583 2628 613 2704 31
629 2639 749 2729 neget,
767 2627 822 2705 vel
834 2625 958 2705 ialsern
973 2641 1035 2708 aut
1050 2629 1205 2735 ineptam
1221 2630 1309 2710 alle-

141 2765 218 2856 get,
235 2751 322 2830 fides
346 2751 377 2828 ei
393 2751 534 2830 ornnino
554 2749 751 2847 adimatur,
769 2749 975 2856 nullamque
995 2749 1102 2832 iaciat
1125 2753 1307 2858 probatio-

140 2901 225 2957 nem
252 2875 325 2982 (1).
358 2876 546 2980 designare
574 2888 693 2954 autem
713 2874 819 2954 debet
838 2899 980 2954 causam
1004 2875 1180 2956 diversam
1199 2902 1219 2956 3
1238 2903 1304 2958 333

137 3001 254 3098 dicto,
295 3025 397 3079 secus
434 2999 524 3078 nihil
562 2999 704 3105 probat.
736 2995 773 3076 Si
809 3001 891 3104 quis
918 3025 951 3079 e.
985 3023 1019 3104 g.
1052 3013 1204 3081 testatus
1238 3003 1321 3100 sit,·

137 3127 272 3208 Titiurn
300 3149 379 3204 cunr
407 3124 488 3202 Caia
517 3123 640 3202 iniisse
667 3123 890 3228 coniugium,
921 3125 1176 3230 interrogatus,
1208 3127 1303 3207 unde

138 3252 178 3332 id
206 3251 310 3344 33131,
341 3248 555 3354 respondere
582 3243 702 3343 debet,
733 3249 818 3353 quia
846 3271 906 3327 333
926 3247 1047 3328 audivi
1066 3263 1230 3330 mutuum
1249 3253 1306 3330 in·

137 3391 196 3459 ter
225 3401 263 3454 33
290 3388 472 3480 praestare
501 3397 712 3452 consensum
740 3397 803 3478 per
831 3371 939 3451 verba
967 3373 1011 3454 de
1038 3377 1236 3480 praesenti.
1268 3376 1304 3454 Si

138 3525 227 3582 vero
254 3499 485 3606 respondeat:
517 3499 588 3577 3313
614 3498 699 3603 quia
727 3497 814 3576 rnihi
842 3509 996 3596 constat,
1026 3499 1118 3578 idern
1138 3514 1194 3580 est
1214 3525 1256 3578 33
1274 3501 1303 3578 31

136 3623 364 3702 (1133133313
391 3625 476 3726 quia
504 3622 590 3715 scio,
621 3645 765 3699 causam
792 3645 877 3700 suae
897 3617 1065 3705 scientiae
1084 3649 1104 3700 3
1124 3646 1189 3703 333
1207 3623 1304 3701 dicto

135 3748 318 3829 diversam
347 3771 418 3826 non
446 3747 618 3850 assignat,
649 3761 687 3826 31
712 3745 804 3825 nihil
833 3746 974 3853 probat.

210 4065 246 4138 ll)
265 4067 332 4139 Cap.
352 4065 516 4125 3133331111
533 4071 575 4134 11,
598 4066 632 4124 de
651 4065 927 4126 131113331311331.
947 4073 975 4124 et
992 4065 1072 4126 alibi.

211 4155 247 4227 19]
269 4157 337 4212 1133.
361 4158 403 4211 te.
423 4171 450 4212 3.
471 4159 516 4212 11.
536 4155 586 4212 cit.
606 4167 621 4211 a
641 4155 738 4212 Glossa
759 4153 1297 4228 13311.333.3333331111.-111313-

130 4257 270 4320 gnannrn
293 4241 392 4304 1133.
413 4247 461 4304 111.
482 4245 799 4318 1313133333331
820 4243 1034 4304 13313311ίά.
1055 4252 1166 4319 quaest.
1187 4251 1249 4303 113.

210 4333 248 4406 (3]
270 4333 407 4392 11333331.
428 4334 555 4392 Furinae.
576 4334 696 4406 Pirning
714 4335 787 4393 citati
807 4351 823 4392 a
844 4336 1051 4396 1333331113.
1071 4344 1180 4410 quaeat.
1201 4341 1265 4394 111.

210 4421 248 4496 (4)
267 4423 426 4481 cardinalis
445 4425 483 4480 De
502 4425 576 4481 Luca
596 4423 630 4480 dc
649 4422 740 4481 113113.
761 4427 869 4497 quent.
889 4427 934 4484 111.
954 4440 984 4482 n.
1004 4432 1047 4496 19,
1065 4425 1143 4484 itaet
1162 4425 1296 4501 llidolph.

132 4516 264 4573 1133331.
285 4513 358 4572 ubo.
378 4511 461 4573 Alex.
481 4512 558 4574 citati
577 4525 593 4572 a
612 4513 733 4572 Leucon.
751 4511 826 4572 totu.
845 4519 958 4586 333311.
978 4517 1041 4574 oto.
1059 4530 1091 4572 3.
1114 4521 1140 4573 1.
