3424 5300
812 461 848 474 -
873 427 929 490 rut
950 459 987 474 -

312 538 513 615 Innocentii
543 541 597 617 111
627 539 806 618 sententia
835 539 949 618 relata
976 551 1044 633 est,
1082 535 1200 640 inquit
1227 533 1374 636 Pirhing
1402 533 1417 635 (
1447 534 1477 636 ),

312 658 407 738 inter
435 659 516 740 fidei
545 660 688 742 decreta
716 664 929 742 auctoritate
958 659 1102 740 Concilii
1132 657 1317 738 tridentini
1346 657 1405 761 (2)
1426 655 1482 734 his

312 784 449 864 verbis:
483 786 523 864 Si
551 787 631 892 puis
660 787 811 876 dicerit,
837 798 983 893 propter
1010 783 1209 864 haeresim.
1232 843 1241 860 .
1264 841 1303 859 ..
1335 778 1482 860 dissolui

309 933 410 1012 posse
436 911 661 990 matrimonii
688 911 887 998 cinomiam,
916 909 1106 990 ocathmaa
1134 907 1194 986 sit.
1305 899 1309 906 ’

395 1041 459 1110 28.
491 1037 577 1112 Cum
606 1035 748 1114 traditis
775 1049 895 1114 autern
922 1033 1108 1140 principiis
1140 1031 1183 1110 de
1212 1029 1342 1111 stantis
1370 1029 1481 1134 impe-

314 1153 476 1234 dimento*
498 1155 650 1236 foederis
669 1158 863 1260 generatim
884 1170 1086 1260 congruunt
1104 1180 1196 1260 quae
1216 1152 1343 1232 docent
1362 1151 1480 1232 orien-

314 1277 438 1358 talium
468 1281 602 1360 rituum
631 1281 824 1360 Ecclesiae.
856 1282 912 1360 Sic
927 1296 968 1360 ut
982 1281 1124 1360 silentio
1143 1292 1366 1384 praeteream
1385 1301 1477 1380 quae

312 1403 504 1509 aSyncdo
532 1406 784 1484 Ruthenorum
813 1407 1010 1484 Zamosciae
1043 1389 1137 1482 anno
1168 1411 1268 1482 1720
1299 1399 1477 1480 celebrata

312 1527 608 1631 praescribuntur
635 1554 699 1634 pro
729 1543 825 1610 statu
851 1529 977 1624 libero,
1008 1529 1064 1608 rel
1091 1527 1192 1606 obitu
1207 1527 1368 1606 absentis
1395 1508 1513 1604 con-⁸

310 1651 404 1753 iugis
424 1652 685 1757 comprobando
701 1653 775 1759 (3);
793 1652 957 1748 referant,
975 1677 1067 1758 quae
1087 1650 1190 1730 docet
1208 1649 1400 1730 restructio
1414 1674 1478 1755 pro

311 1773 555 1854 tribunalibus
575 1777 775 1856 austriacae
799 1776 949 1856 ditionis
973 1775 1196 1881 paragrapho
1226 1785 1295 1854 at:
1320 1804 1339 1849 ι
1361 1777 1476 1864 Ouum

305 1925 372 2004 per
386 1912 648 1980 sacramentam
666 1901 834 2006 baptismi
853 1927 922 1980 nort
936 1900 1121 1980 coioaatar
1132 1899 1313 2003 cottiapio,
1330 1899 1388 1978 sed
1406 1897 1478 1976 cri-

311 2024 410 2104 mino
438 2025 671 2106 dimittantur
700 2027 774 2132 (t),
805 2027 1069 2106 matrimonium
1096 2025 1141 2104 ab
1161 2024 1366 2103 infidelibus
1393 2048 1479 2102 cou-

311 2163 463 2230 tractum
491 2152 704 2254 coniugibus
723 2151 767 2230 ad
789 2153 967 2232 Christum
995 2153 1175 2230 conversis
1190 2150 1329 2230 firmum
1356 2163 1476 2228 manet

310 2298 382 2350 non
401 2274 630 2354 obstantibus
649 2275 912 2381 impedimentis
930 2274 1169 2354 ecclesiastica
1184 2275 1261 2376 lege
1280 2272 1471 2352 institutis,

308 2395 409 2486 Quod
438 2401 469 2476 si
496 2413 617 2478 autem
644 2401 756 2480 altero
785 2413 926 2479 tanturn
945 2400 1093 2502 coniuge
1120 2423 1304 2492 converso,
1328 2397 1417 2474 alter
1437 2395 1474 2474 in

309 2519 521 2600 infidelitate
549 2523 758 2626 persistens
790 2547 868 2602 cunr
897 2523 1019 2602 eodem
1047 2522 1254 2602 cohabitare
1273 2521 1362 2600 nolit
1391 2519 1474 2598 ahs·

308 2671 379 2750 que
411 2649 625 2726 contumelia
663 2650 853 2742 creatoris,
889 2647 1003 2728 eidem
1035 2646 1171 2751 petenti
1209 2644 1473 2726 concedendum

307 2784 375 2865 est,
407 2785 448 2852 ut
476 2771 521 2849 ad
541 2797 651 2850 novas
670 2773 832 2851 convolet
852 2774 1014 2878 nuptias3
1037 2771 1161 2876 quibas
1183 2771 1251 2850 rite
1274 2769 1472 2856 celebratis,

307 2893 659 3000 oiacoiamcociapii
677 2895 715 2973 ic
734 2895 944 3001 infidelitate
957 2896 1131 2976 contracti
1149 2895 1372 2976 dirimitur»
1395 2896 1410 2997 (
1438 2893 1468 2999 ).

387 3029 452 3099 29.
484 3020 619 3098 Similia
648 3019 758 3100 hahet
785 3046 857 3124 quo
884 3019 929 3098 ad
957 3020 1126 3121 coniuges
1163 3034 1303 3099 tantum
1331 3018 1467 3114 fideleS,

307 3146 369 3247 qui
405 3143 666 3222 matrimonium
695 3143 921 3222 celebrarunt
939 3143 1188 3238 christianum,
1220 3142 1384 3248 synodus
1412 3141 1473 3218 Li-

306 3264 475 3344 banensis
504 3265 760 3346 Maronitarum
788 3268 873 3344 anni
905 3275 1018 3346 1736.
1050 3271 1146 3344 Haec
1183 3266 1277 3344 enirn
1306 3263 1470 3372 Syncdus

305 3388 355 3466 ita
384 3389 540 3468 breviter
567 3389 629 3468 sed
657 3389 828 3469 concinne
856 3391 1001 3495 exponit
1021 3389 1312 3494 impedimentum
1333 3387 1470 3491 ligami-

306 3511 385 3590 nis:
420 3542 436 3583 ‹
461 3512 641 3590 Decimum
669 3513 976 3618 (impedimentum
1004 3513 1258 3615 dirimcasost)
1286 3503 1468 3592 vinculum

303 3635 433 3740 prioris
460 3636 535 3715 siue
563 3639 796 3715 consummati
824 3638 898 3716 sive
926 3637 994 3716 rati
1021 3651 1161 3716 tanturn
1188 3636 1364 3738 coniugii:
1387 3661 1467 3714 cum

303 3759 421 3840 adhuc
448 3763 640 3867 superstite
668 3759 831 3864 coniuge,
863 3785 904 3840 eo
929 3761 1072 3840 uinculo
1105 3787 1259 3866 sequens
1286 3761 1469 3840 matrimo-

371 3970 406 4044 (1)
427 3971 545 4045 Pirhing
567 3971 618 4030 lib.
643 3979 668 4028 t.
690 3973 737 4031 tit.
760 3979 802 4030 t9.
823 3989 853 4029 rt.
873 3979 918 4030 56.

373 4061 412 4134 (t)
430 4065 502 4120 Sese.
523 4069 568 4120 at.
588 4079 654 4121 cam.
675 4069 701 4121 b.
718 4063 751 4120 dc
769 4067 951 4120 sacramento
969 4061 1170 4120 matrimonii.

373 4149 407 4224 (3)
430 4153 499 4209 tide
517 4153 564 4210 cit.
588 4155 735 4224 synodum
754 4167 825 4225 pap.
847 4157 969 4210 tto-mr
989 4153 1038 4211 cit.
1059 4153 1127 4212 edit.

372 4239 408 4314 (4)
429 4243 469 4299 lta
489 4244 634 4302 Innoaeut.
655 4245 696 4300 111
717 4244 745 4300 tn
764 4243 809 4300 cit.
830 4257 893 4313 cap.
913 4241 1076 4312 pandemus
1093 4249 1119 4311 e,
1143 4241 1176 4298 de
1193 4241 1342 4299 diuortiis.

373 4329 409 4400 (5)
429 4331 514 4402 Apud
533 4331 757 4404 Pupp-scilian,
776 4329 974 4390 Emhiridiom
992 4329 1073 4389 iuris
1087 4331 1226 4390 Ecclesiae
1239 4329 1396 4388 orientalia
1417 4341 1464 4386 ca·

303 4416 436 4487 thelicae,
457 4427 539 4490 part.
559 4427 585 4476 2.
606 4420 637 4492 3.
658 4425 718 4477 tott.
738 4435 809 4492 pay.
831 4423 891 4476 tta.
912 4419 959 4476 cit.
979 4418 1047 4476 eutr.
