3446 5298
885 468 1062 532 -ddb-

393 593 498 672 terris
527 592 751 672 Palatinatus
780 591 956 672 inferioris
985 593 1030 672 ad
1050 604 1204 674 tractum
1220 591 1353 688 Rheni,
1371 619 1477 697 quam
1498 617 1563 696 pro

393 718 531 822 relique
569 731 644 798 tota
672 743 736 796 sua
762 717 916 811 Didone,
945 741 986 796 ea
1009 733 1130 798 tamen
1154 717 1315 822 apposita
1341 716 1558 812 conditione,

391 842 585 948 parochum
623 841 849 936 catholicum,
881 854 923 920 ut
953 841 1122 921 secundis
1151 840 1207 920 his
1236 841 1373 946 nuptiis
1401 841 1559 934 intersit,

392 966 422 1044 si
451 992 537 1045 suae
565 966 746 1069 religionis
774 965 960 1070 principiis
988 965 1024 1044 id
1044 964 1113 1044 sibi
1141 965 1291 1044 vetitum
1330 963 1558 1058 iudicaverit,

393 1091 604 1196 neutiquam
632 1115 709 1170 esse
737 1089 948 1192 cogendum,
980 1089 1044 1168 sed
1072 1089 1153 1168 illas
1168 1089 1250 1168 iniri
1270 1088 1498 1194 cupientibus
1517 1088 1562 1166 li·

392 1211 517 1292 berum
546 1237 623 1292 esse
652 1211 721 1292 sibi
740 1237 803 1318 per
821 1213 1058 1293 acatholicum
1076 1213 1278 1291 ministrum
1298 1212 1560 1317 copulationem

392 1335 622 1441 procurandi,
655 1350 763 1440 atque
791 1337 842 1414 ita
870 1337 1079 1416 coniunctos
1108 1349 1289 1441 potestate
1325 1335 1436 1430 civili,
1470 1335 1560 1440 quin

391 1483 513 1538 eorum
542 1459 781 1539 conscientiae
800 1459 875 1540 loro
894 1485 971 1540 sese
991 1459 1064 1538 ullo
1084 1460 1186 1540 modo
1209 1459 1422 1558 immisceat,
1443 1485 1560 1564 quan-

393 1597 469 1662 tum
499 1583 544 1662 ad
572 1583 694 1662 civiles
722 1583 872 1662 effectus
909 1581 1080 1664 lucendus
1117 1569 1355 1688 tuendosque,
1391 1608 1469 1662 esse
1497 1608 1561 1688 pe-

392 1709 495 1788 rinde
524 1735 564 1787 ac
592 1708 622 1786 si
650 1733 767 1786 coram
805 1707 980 1786 catholico
1007 1708 1162 1813 parocho
1189 1707 1347 1812 copulati
1378 1705 1555 1786 luissent:

391 1848 467 1914 tum
495 1833 649 1938 denique
677 1834 715 1910 in
744 1830 867 1910 eadem
895 1833 1049 1912 Badensi
1077 1834 1220 1912 Ditione
1247 1831 1293 1910 ad
1321 1833 1426 1910 istam
1455 1835 1559 1910 War-

391 1961 599 2037 matiensem
627 1955 821 2035 Dioecesim
849 1959 1051 2062 pertinente
1079 1955 1208 2035 exinde
1236 1955 1305 2034 iam
1326 1956 1456 2034 iterato
1474 1978 1561 2033 con·-

392 2081 530 2184 tigisse,
562 2093 604 2159 ut
632 2092 811 2158 attentata
839 2105 902 2184 per
931 2080 1145 2160 sententiam
1165 2069 1336 2158 haeretici
1356 2077 1557 2157 consistorii

390 2203 662 2284 matrimonialis
690 2204 823 2282 vinculi
852 2203 1047 2299 solutione,
1078 2203 1315 2310 partibusque
1343 2204 1381 2282 in
1408 2203 1558 2283 liberta-

390 2343 462 2408 tem
490 2329 536 2406 ad
564 2327 634 2406 alia
664 2327 875 2407 transeundi
904 2341 987 2408 vota
1016 2328 1190 2424 dimissis,
1222 2329 1350 2406 harum
1382 2353 1471 2422 una,
1502 2327 1558 2406 uh

390 2467 496 2532 vente
525 2451 643 2530 adhuc
670 2452 797 2546 altera,
829 2477 960 2530 novum
987 2451 1251 2544 matrimonium
1279 2477 1359 2530 cum
1378 2450 1556 2530 catholica

389 2594 491 2684 parte
519 2577 610 2656 inire
639 2576 876 2670 contenderit,
908 2591 1018 2683 atque
1049 2577 1306 2658 sacerdotalem
1334 2577 1556 2658 benedictio·

388 2727 470 2780 nem
498 2701 652 2806 desuper
667 2701 871 2806 expetierit.
891 2705 1012 2796 Porro,
1036 2714 1077 2781 ut
1091 2701 1263 2796 addebas
1281 2701 1428 2806 parochi
1448 2701 1556 2780 anxio

385 2823 503 2902 animo
531 2825 721 2903 haerentes
749 2825 950 2928 postulant,
982 2839 1181 2930 opportune
1211 2825 1339 2904 instrui
1368 2853 1388 2904 a
1426 2839 1461 2904 te
1499 2837 1556 2903 at·

383 2973 454 3052 que
483 2948 636 3041 edoceri,
677 2947 853 3052 quomodo
891 2949 927 3026 in
966 2949 1090 3028 relatis
1127 2949 1373 3054 similibusque
1411 2948 1554 3028 casibus

385 3095 423 3150 se
451 3097 572 3175 gerere
601 3070 769 3148 debeant.
801 3075 987 3160 Quaerunt
1016 3086 1204 3178 propterea
1232 3074 1367 3178 primo:
1399 3099 1446 3150 an
1475 3086 1553 3151 tuta

385 3195 603 3273 conscientia
632 3193 799 3273 secundis
827 3194 899 3274 illis
927 3196 1067 3300 nuptiis
1096 3199 1269 3276 interesse
1303 3196 1468 3304 possint?
1496 3221 1554 3276 se-

386 3315 525 3395 cundo:
556 3343 603 3394 an
631 3319 662 3396 si
691 3317 910 3398 haeccoram
939 3319 1134 3399 acatholico
1155 3321 1318 3402 ministro
1336 3319 1553 3400 contrahan-

386 3453 459 3536 tur,
500 3455 638 3546 partem
676 3443 887 3522 catholicam
921 3443 966 3522 ad
1003 3445 1246 3551 poenitentiae
1287 3459 1551 3524 sacramentum

385 3563 612 3644 accedentem
627 3565 828 3662 absolvere,
851 3567 897 3644 ad
915 3593 1051 3647 sacram
1066 3569 1328 3650 Eucharistiam
1343 3569 1548 3662 admittere,

384 3688 589 3794 prolemque
617 3688 700 3769 inde
730 3693 960 3788 nascituram,
993 3693 1101 3772 etiam
1119 3708 1294 3798 quantum
1320 3693 1364 3774 ad
1385 3693 1552 3773 ecclesia·

383 3811 492 3890 sticos
520 3813 682 3908 ellectuS,
715 3817 769 3892 uti
798 3815 992 3918 legitimam
1022 3816 1155 3896 habere
1183 3817 1280 3896 licite
1308 3817 1471 3922 possint?
1501 3819 1551 3894 De

383 3935 607 4033 bisantem,
648 3937 901 4036 concludebas,
938 3940 982 4020 ad
1017 3967 1082 4020 nos
1120 3942 1274 4022 scrihere
1308 3941 1477 4036 voluisse,
1510 3955 1550 4020 ut

381 4061 642 4138 controversiae
663 4085 785 4140 omnes
804 4059 944 4141 facilius
964 4077 1000 4143 et
1022 4065 1137 4144 tutius
1157 4065 1288 4144 iudicio
1308 4079 1432 4144 nostro
1445 4089 1551 4170 pree·

382 4182 600 4280 uiderentur,
632 4199 708 4262 tum
736 4187 773 4263 in
802 4185 872 4264 ista
901 4187 1059 4266 Dioecesi
1089 4201 1164 4284 tua,
1189 4202 1264 4268 tum
1285 4190 1322 4266 in
1350 4188 1431 4267 aliis
1459 4213 1549 4294 quo-

379 4332 448 4412 qne
477 4308 705 4388 Dioecesibus
734 4323 843 4414 atque
872 4310 1091 4408 Ditienibus,
1123 4313 1168 4392 ad
1206 4341 1297 4420 quas
1330 4328 1544 4392 memoratas

379 4429 476 4534 leges
503 4431 648 4512 extendi
687 4434 925 4538 contingeret,
958 4447 1067 4540 atque
1095 4451 1137 4516 ut
1165 4463 1288 4516 norma
1325 4463 1389 4517 seu
1423 4435 1545 4541 regula
