3424 5300
875 429 1050 492 ..rua-

387 550 560 630 eumalio
588 552 811 628 commissum
849 550 1040 630 effieaeiter
1058 551 1285 630 machinatus
1321 565 1376 630 est
1404 565 1549 630 mortem

386 701 472 755 suae
491 673 697 780 eompartis‚
715 698 757 752 eo
782 673 851 752 fine
872 688 911 754 ut
926 675 1189 753 matrimonium
1209 700 1288 759 oum
1303 699 1344 753 eo
1363 676 1553 755 eontraha-

386 816 459 896 tur,
477 799 540 906 qui
560 799 737 878 adulterio
756 798 915 903 pollutus
934 798 1016 878 tuit:
1035 799 1144 904 idque
1165 799 1278 878 altera
1295 813 1397 904 parte
1411 801 1550 878 conseia

386 937 422 1002 et
436 923 609 1029 participe
629 921 811 1000 homicidii
827 937 891 1000 aut
914 922 1096 1002 adulterii.
1120 967 1144 980 -
1166 933 1203 1001 2⁰
1222 919 1338 1011 Ouum
1358 947 1401 1000 ex
1431 921 1551 1000 ambo-

385 1073 463 1128 rum
483 1071 672 1142 eonsensu‚
704 1046 811 1125 etiam
827 1071 898 1125 non
914 1046 1177 1127 interveniente
1191 1046 1382 1141 adulterio,
1404 1048 1444 1128 srt
1458 1052 1550 1128 noei-

384 1175 555 1253 siounius
570 1186 614 1250 er
629 1171 843 1276 coniugatis.
863 1217 886 1232 -
903 1179 939 1250 3⁰
955 1175 1071 1262 Quum
1087 1185 1315 1277 perpetratur
1334 1169 1549 1250 adulterium

385 1323 465 1377 oum
493 1295 726 1402 promissione
751 1295 966 1373 matrimonii
985 1309 1067 1400 post
1085 1298 1247 1400 coniugis
1261 1295 1378 1375 adhue
1398 1295 1550 1373 virentis

384 1422 520 1502 obitum
540 1416 760 1513 celebrandi,
774 1429 809 1496 et
821 1419 1005 1523 promissio
1021 1445 1041 1496 a
1057 1431 1289 1524 eoustuprata
1305 1419 1414 1498 iuerit
1429 1419 1547 1498 verbis

385 1557 447 1624 aut
457 1547 715 1645 externosigno
730 1556 928 1647 aeoeptata.
942 1587 961 1602 -·
972 1547 1132 1632 t⁰Ouum
1148 1545 1230 1648 quis
1238 1545 1379 1623 vivente
1394 1541 1548 1646 legitima

384 1672 535 1772 ooniuge
563 1669 630 1745 init
658 1681 694 1745 et
722 1680 943 1745 consummat
962 1667 1109 1772 nuptias
1128 1693 1207 1744 eum
1227 1667 1356 1746 altera:
1385 1667 1549 1745 hioenim

383 1796 532 1873 aiteram
560 1803 682 1896 postea
711 1804 849 1869 mortua
878 1791 1035 1894 legitima
1063 1793 1227 1894 coniuge,
1259 1790 1552 1896 dueerenonpo-

384 1933 454 2000 test
483 1921 520 1998 in
548 1920 835 1997 matrimonium:
867 1918 928 2021 qui
958 1941 1062 1996 nasus
1090 1917 1205 1996 looum
1235 1915 1431 1997 nonhabet
1449 1918 1479 1994 si
1498 1918 1551 1994 ai-

384 2059 460 2124 tera
488 2069 530 2122 ex
559 2042 722 2148 partibus
750 2041 846 2119 bono
874 2039 942 2120 fide
971 2043 1157 2144 ignorarit,
1189 2066 1260 2120 non
1279 2066 1358 2120 esse
1377 2054 1549 2119 mortuam

383 2169 574 2271 legitimam
594 2166 746 2271 priorem
766 2178 995 2270 campartem,
1015 2180 1078 2245 aut
1097 2167 1127 2244 si
1146 2180 1334 2271 postquam
1356 2165 1388 2245 id
1409 2163 1554 2254 didicit,¹

383 2321 402 2370 a
431 2291 694 2371 cohabitatione
722 2290 973 2394 temperaverit
1004 2319 1022 2362 ›
1053 2289 1127 2393 (t).

862 2574 1003 2650 CAPUT
1035 2577 1074 2648 V.

399 2823 444 2898 Ite
466 2819 707 2914 dispensatione
719 2823 760 2894 ab
776 2819 1014 2913 impedimentis
1029 2823 1266 2897 matrimonium
1289 2819 1523 2896 dirimentibus.

429 2927 471 3000 tte
494 2927 648 3020 quautam
663 2928 702 3000 da
714 2925 943 3022 uouenetudine
958 2927 1060 3020 quoad
1074 2926 1265 3004 tmultaten
1281 2927 1495 3020 dispensandi.

462 3170 498 3238 1.
530 3165 573 3238 In
591 3159 752 3264 quolibet
771 3158 991 3237 enucleando
1015 3161 1267 3266 impedimento
1284 3161 1545 3239 matrimonium

380 3282 583 3378 dirimente,
615 3281 739 3362 sedulo
767 3281 977 3362 adnotatum
1005 3299 1073 3380 est,
1091 3311 1268 3391 quaenam
1298 3285 1545 3390 impedimenta

380 3405 519 3492 diuino,
548 3407 622 3484 sire
652 3403 815 3483 naturali
841 3407 916 3484 sive
930 3407 1101 3512 positivo,
1121 3435 1298 3515 quaenam
1326 3406 1548 3486 bumenodi-

380 3530 511 3608 rimant
544 3528 638 3616 iere,
668 3542 710 3607 ut
737 3529 830 3607 ulare
860 3529 1074 3626 innoteseat,
1110 3559 1287 3638 quaenam
1317 3534 1362 3610 ab
1391 3533 1545 3610 Euelesia

381 3654 558 3757 abrogari,
591 3651 787 3746 reformari,
810 3651 1009 3758 dispensari
1028 3671 1163 3761 queant
1182 3656 1434 3762 impedimenta
1461 3655 1548 3734 diri-

381 3779 528 3872 mentia,
560 3791 595 3856 et
623 3801 800 3882 quaenam
828 3793 1009 3882 nequeant
1027 3781 1111 3886 ¹(2).
1144 3781 1302 3860 Eoeiesia
1330 3782 1424 3860 enim
1442 3780 1548 3884 quid·

452 3993 488 4064 (l)
509 3995 591 4049 Part.
612 3997 638 4046 2.
659 4006 722 4063 cup.
741 3997 782 4046 tr.
797 4005 888 4064 pepp.
902 3997 992 4048 77-78
1005 3993 1086 4068 (edit.
1105 3997 1187 4052 Rom.
1205 3994 1284 4068 turo)
1304 3996 1411 4067 synodi
1433 3997 1545 4066 provin·

379 4082 459 4140 eiaiis
472 4081 596 4138 nationis
610 4085 748 4152 Syrorum
758 4083 963 4140 Maronitarum
978 4085 1006 4140 in
1021 4091 1116 4141 monte
1127 4085 1236 4142 Libano
1249 4087 1407 4143 celebratae
1417 4100 1464 4141 un.
1479 4087 1545 4139 {75⁶

381 4171 503 4243 losepbo
522 4171 650 4228 simonio
678 4175 836 4228 assemano
855 4175 889 4228 Α.
909 4175 938 4227 S.
959 4171 1107 4244 Abdagato
1132 4181 1159 4230 et
1177 4175 1223 4231 eui
1249 4175 1363 4230 schema
1389 4174 1477 4230 huius
1496 4175 1546 4243 Sy-

380 4259 448 4317 nodi
468 4260 616 4317 tribuitur.
637 4263 661 4316 Α
681 4259 822 4317 benedict.
842 4260 903 4315 ΧΠ
924 4259 977 4316 tuit
1001 4259 1167 4317 confirmata
1181 4269 1207 4318 et
1221 4263 1375 4333 approbata
1389 4263 1435 4317 eit.
1450 4263 1543 4318 coust.

379 4350 562 4423 stupratoris.
1695 4387 1696 4394 κ

451 4435 489 4512 (9)
508 4439 581 4496 Hine
602 4438 716 4523 saepius
736 4439 817 4495 nirata
838 4439 969 4508 synodus
991 4441 1159 4498 Libanensis
1172 4445 1310 4513 Syrorum
1332 4441 1545 4504 Maronitarum,
