3406 5302
836 469 873 485 ..
893 439 953 502 208
973 469 1011 486 .-

350 559 575 638 hlioationem
612 559 758 665 produci
787 588 828 640 ao
855 564 963 668 reoipi
996 575 1146 668 possunt
1172 561 1233 640 alii
1261 575 1371 640 testes
1398 561 1507 666 depo-

349 697 475 763 nentes
502 683 635 764 directe
663 689 880 766 oontrarium
908 713 1015 793 super
1033 685 1211 794 prioribus
1230 686 1405 777 artiouliS,
1435 709 1506 766 non

348 809 514 890 obstante
542 813 579 889 in
607 815 822 892 eontrarium
850 811 1122 907 consuetudine,
1153 825 1277 918 utpote
1305 811 1373 889 iuri
1402 825 1507 890 natu-

348 935 414 1012 rali
442 959 483 1014 ao
509 935 632 1018 divino
659 940 837 1017 contraria
866 939 941 1044 (t).
964 939 1116 1018 -Ratio
1143 939 1300 1042 estquis
1325 951 1428 1039 urget
1447 959 1509 1040 pe-

349 1059 499 1139 rieulum
528 1061 666 1142 animae
695 1089 758 1142 sen
786 1063 921 1168 peooati
949 1063 979 1142 si
995 1063 1150 1164 legitime
1164 1087 1229 1168 per
1246 1060 1506 1140 matrimonium

349 1186 528 1264 ooniunoti
557 1201 781 1290 separentur.
813 1191 995 1268 Etravera
1024 1188 1054 1266 si
1082 1187 1261 1266 sententia
1288 1198 1411 1265 eontra
1440 1186 1508 1262 ini-

348 1323 422 1389 tum
450 1313 652 1417 coniugium
682 1313 753 1394 lata
781 1339 965 1419 nunquam
994 1313 1125 1392 transit
1143 1313 1180 1392 in
1195 1337 1268 1392 rem
1297 1311 1501 1405 indicatam,

346 1435 409 1514 sed
427 1462 652 1545 quocumque
673 1453 828 1544 tempore
857 1442 1042 1519 retraetari
1062 1439 1181 1536 debet,
1203 1438 1361 1518 falsitate
1388 1437 1507 1516 detea-

347 1573 383 1638 ta
413 1559 487 1666 (2),
519 1563 630 1641 multo
658 1565 776 1641 minus
803 1563 1017 1669 impedietur
1053 1565 1148 1670 quis,
1185 1563 1378 1669 publioatis
1415 1573 1506 1640 atte-

346 1683 577 1782 stationibus,
609 1687 696 1766 alios
723 1700 834 1768 testas
862 1715 969 1795 super
997 1689 1122 1768 iisdem
1141 1688 1382 1767 artioulisaut
1401 1709 1506 1790 super

345 1809 506 1888 artiouiis
533 1809 666 1891 diroote
695 1815 883 1892 eontrariis
910 1813 1105 1918 produoere
1125 1839 1166 1891 ao
1185 1813 1356 1918 racipere.
1389 1809 1506 1913 Siqui-

344 1932 424 2012 dem
452 1935 507 2016 rel
526 1934 719 2040 publicatis
737 1937 1043 2032 attestationibus,
1066 1937 1122 2016 rel
1141 1938 1248 2016 otiam
1268 1959 1416 2014 erronea
1431 1933 1503 2012 lata

345 2063 537 2155 sententia,
577 2063 704 2167 nequit
732 2089 751 2140 a
780 2063 944 2169 partibus
967 2063 1055 2142 sira
1094 2063 1200 2141 taoite
1236 2061 1310 2140 sive
1338 2081 1503 2165 expresse

345 2183 543 2263 oonfirmari
571 2185 660 2264 illud
689 2187 726 2265 in
753 2212 825 2292 quo
853 2187 976 2267 subest
995 2201 1193 2292 peceatum,
1216 2199 1252 2264 et
1270 2185 1365 2290 quod
1385 2183 1504 2263 divino

345 2309 422 2390 iuro
449 2310 668 2415 prohibitum
695 2325 764 2390 est.
786 2357 811 2372 -
829 2312 871 2390 ld
899 2325 1018 2392 autom
1047 2312 1240 2392 tenendum
1268 2309 1399 2390 nedum
1427 2335 1504 2388 oum

345 2438 463 2538 agitur
478 2435 521 2515 de
541 2435 793 2542 impedimento
812 2438 1026 2517 matrimonii
1046 2439 1114 2516 iarn
1134 2436 1230 2532 initi,
1252 2436 1316 2516 sed
1335 2436 1442 2515 etiam
1461 2433 1504 2512 de

345 2559 595 2666 impedimento
625 2562 840 2642 matrimonii
867 2561 1115 2657 nontrahondi,
1147 2565 1196 2640 ita
1225 2575 1266 2640 ut
1284 2575 1365 2668 post
1388 2559 1505 2666 publi·

345 2698 443 2764 oatas
471 2687 616 2764 testium
649 2685 889 2792 depositiones
920 2688 1114 2767 aarentiam
1148 2685 1391 2792 impedimenti
1423 2711 1505 2791 pro-

345 2809 485 2906 bantes,
516 2823 626 2890 testes
654 2811 714 2890 alii
743 2811 786 2890 ad
814 2811 1039 2918 probandum
1067 2810 1356 2916 impedimentum
1384 2809 1504 2888 induoi

345 2937 495 3040 possint,
526 2937 684 3042 exeeptis
711 2937 985 3016 limitationibus
1016 2937 1249 3044 quibusdam,
1280 2937 1334 3016 uti
1363 2938 1393 3014 si
1423 2961 1506 3039 age·

345 3072 443 3138 retur
469 3083 540 3138 non
568 3059 613 3138 de
640 3061 750 3164 iugali
770 3063 925 3156 tinnulo,
948 3061 1011 3141 sed
1030 3059 1075 3140 de
1089 3061 1244 3164 legitimo
1264 3073 1405 3140 tantum
1423 3084 1505 3165 pro-

344 3207 446 3262 oassu
474 3185 511 3263 in
530 3209 637 3264 eausa
657 3187 886 3266 matrimonii.
909 3191 988 3266 Non
1001 3189 1119 3265 minus
1133 3188 1227 3266 enim
1247 3199 1351 3290 urget
1369 3184 1503 3290 pensati

345 3309 541 3413 perieulum
555 3310 586 3388 si
601 3311 855 3416 oopularontur
869 3311 931 3416 qui
950 3311 1108 3417 oopuiari
1125 3335 1195 3392 uon
1210 3323 1375 3416 possunt,
1397 3333 1503 3414 quarn

343 3435 374 3513 si
402 3435 558 3540 legitimo
585 3435 740 3542 oopulati
768 3450 980 3542 separentur
1005 3437 1020 3542 (
1049 3436 1078 3540 ).

425 3571 461 3642 5.
495 3569 545 3640 De
572 3561 831 3668 oaoepta'om'bus
859 3575 983 3642 contro
1003 3573 1117 3642 testes.
1141 3607 1165 3622 -
1183 3561 1346 3668 Tripliois
1365 3563 1503 3667 generis

345 3686 573 3795 exceptiones
600 3685 676 3767 fieri
704 3701 855 3794 possunt
881 3701 1004 3768 eontra
1032 3699 1163 3767 testas:
1198 3697 1234 3765 1⁰
1261 3686 1352 3766 aliae
1380 3699 1502 3766 contro

338 3837 507 3922 pontonos
536 3815 694 3900 testium,
723 3814 933 3920 opponendo
960 3814 1044 3909 iilis,
1075 3812 1171 3919 quod
1198 3813 1255 3891 val
1279 3813 1421 3891 omnino
1448 3811 1502 3892 rel

343 3941 469 4024 saltem
497 3955 661 4047 respeotu
690 3941 773 4022 talis
800 3965 929 4020 causae
956 3939 1030 4020 sint
1062 3937 1240 4019 inhabiles
1267 3937 1312 4018 ad
1344 3941 1502 4023 testimo·

415 4207 453 4290 (1)
473 4217 539 4289 Cap.
559 4215 647 4275 amieo
665 4219 708 4285 26,
731 4207 765 4273 de
783 4207 876 4273 torte.
896 4217 924 4273 et
942 4215 1070 4272 attostot.
1091 4205 1222 4286 antsqua

414 4302 454 4380 (t)
474 4305 584 4364 Nedum
603 4319 639 4361 ax
658 4303 848 4362 decretalium
873 4317 957 4376 supp.
976 4307 1095 4369 constat,
1116 4299 1165 4358 sed
1188 4301 1274 4360 attam
1288 4311 1323 4356 ex
1337 4299 1433 4358 conat.
1454 4302 1502 4356 Det

342 4393 533 4453 minuatione
551 4395 691 4454 Benedicti
710 4387 771 4452 xlv
790 4395 819 4466 s.
842 4394 884 4449 tn

413 4481 453 4560 (3)
472 4485 591 4556 rirntng
611 4481 663 4542 tit.
683 4489 710 4540 2.
731 4485 777 4542 tit.
797 4489 842 4544 20·
855 4497 907 4540 nn.
927 4483 1061 4542 tto-tun
