3406 5302
833 480 870 494 -
890 447 950 513 202
970 482 1008 497 .-

340 573 475 676 iugium
490 572 567 650 iure
582 574 707 651 merito
726 572 1024 678 praesumendum
1039 588 1093 655 est
1108 575 1182 682 (1).
1201 621 1225 638 -
1239 577 1339 666 Quod
1360 580 1390 657 si
1405 581 1500 658 eius-

340 697 434 777 modi
449 697 610 803 exceptio
625 722 740 803 neque
755 697 872 776 ad'erri
892 711 999 804 queat
1010 725 1125 804 neque
1140 699 1296 806 probari,
1315 727 1500 808 processus

340 823 540 903 moderator
576 836 814 929 prosequatur
842 837 934 920 acta,
966 839 1002 905 et
1029 828 1218 932 utriusque
1251 827 1411 931 coniugis
1438 828 1501 908 de·

341 948 533 1056 positiones
570 947 744 1054 excipiat,
794 973 835 1028 ac
876 964 1105 1054 parentum,¹
1124 951 1405 1057 propinquorum
1445 953 1501 1032 vei

342 1073 537 1153 incolarum
565 1072 716 1152 viciniae
736 1071 861 1152 domus
881 1074 1070 1179 utriusque
1090 1075 1326 1180 aliorumque,
1348 1100 1438 1180 qnos
1456 1075 1500 1154 de

339 1199 448 1277 illatis
476 1196 580 1276 minis
608 1199 696 1276 sciat
724 1199 931 1295 instructos,
954 1199 1137 1279 iudiciales
1156 1200 1404 1280 attestationes
1431 1225 1500 1278 un·

339 1323 447 1429 dique
475 1349 516 1402 ac
542 1321 666 1402 seduio
694 1325 893 1428 conquirat,
925 1337 1033 1429 atque
1052 1326 1117 1420 ita,
1139 1339 1180 1404 ut
1200 1325 1237 1403 bi
1256 1350 1378 1405 omnes
1397 1351 1500 1430 prae·

293 1426 306 1452 '¹
339 1451 443 1555 cipue
480 1445 636 1526 reserant
673 1445 764 1525 facta
793 1472 873 1526 cum
900 1447 1064 1527 omnibus
1097 1449 1266 1545 locorum,
1301 1464 1497 1556 temporum

340 1600 381 1653 ao
408 1597 639 1680 personarum
667 1572 859 1668 adiunctis,
897 1598 968 1677 quo
999 1575 1137 1679 possint
1164 1599 1205 1653 en
1236 1575 1409 1656 eiusmodi
1437 1575 1499 1656 de-

339 1697 577 1806 positionibus
595 1695 823 1803 probationes
848 1697 925 1776 erui
954 1701 1161 1803 perspicuae
1180 1712 1217 1778 et
1230 1697 1495 1796 concludentes,

339 1838 381 1904 ut
408 1821 452 1902 de
479 1847 585 1927 passo
612 1836 708 1902 metu
736 1819 989 1901 concludenter
1017 1846 1058 1900 ao
1085 1836 1180 1901 certo
1207 1837 1359 1903 constet.

418 1951 496 2027 Non
525 1947 642 2026 minus
673 1946 838 2050 diligens,
870 1949 938 2024 imo
966 1944 1234 2050 diligentissima
1272 1949 1498 2054 investigatio

340 2073 561 2154 instituenda
590 2085 644 2152 est
671 2071 701 2150 si
721 2071 764 2150 do
784 2071 1035 2176 impedimento
1054 2087 1181 2176 agatur
1209 2073 1435 2180 impotentiae
1452 2075 1496 2154 ad

337 2195 551 2293 coeundum,
583 2221 624 2274 ac
651 2197 695 2275 de
715 2221 784 2274 aon
812 2207 931 2274 secuta
950 2198 1172 2277 matrimonii
1200 2199 1498 2280 consummatione

337 2321 383 2400 ad
411 2320 640 2400 obtinendam
668 2320 795 2398 summi
828 2321 1007 2401 Pontificis
1038 2322 1340 2428 dispensationem
1376 2352 1396 2402 a
1424 2352 1498 2404 ma-

338 2448 504 2528 trimonio
531 2460 607 2526 rato
636 2471 705 2526 non
734 2462 988 2528 consummato.
1024 2451 1115 2530 Hinc
1142 2466 1211 2546 est,
1243 2465 1283 2532 ut
1311 2477 1375 2558 pro
1402 2453 1498 2532 eius-

336 2573 431 2654 modi
458 2573 575 2652 causis
603 2573 839 2652 accuratiores
858 2572 1046 2652 tradantur
1072 2575 1291 2680 apostolicae.
1313 2575 1414 2656 Sedis
1435 2582 1498 2656 ln-

337 2701 564 2793 structiones‚
595 2723 686 2802 quas
713 2697 750 2776 in
778 2697 981 2804 Appendice
995 2698 1143 2779 referam
1164 2701 1239 2804 (2),
1256 2700 1389 2807 quibus
1408 2727 1497 2781 enn-

337 2826 499 2906 cleantur
510 2823 772 2930 inquisitiones,
785 2824 1095 2928 interrogationes,
1109 2826 1347 2932 inspectiones
1357 2828 1496 2933 aliaque

338 2951 441 3057 plura
469 2949 514 3027 ad
542 2963 621 3028 acta
649 2949 686 3028 in
715 2943 840 3028 iisdem
872 2951 990 3029 causis
1017 2949 1085 3030 rite
1112 2947 1357 3032 concinnanda
1389 2964 1496 3057 atque

337 3071 513 3181 explenda
540 3072 586 3150 ad
614 3073 799 3154 toritatem
827 3074 1034 3154 eruendam.

416 3200 452 3275 Si
480 3195 651 3276 iudicium
678 3196 722 3276 do
750 3199 963 3277 matrimonii
991 3200 1110 3279 valore
1138 3200 1350 3282 instituatur
1376 3201 1421 3282 ob
1436 3229 1498 3281 ro-

334 3335 418 3430 ptus
450 3321 758 3428 impedimentum,
790 3321 1041 3428 inquirendum
1075 3325 1260 3431 imprimis,
1298 3353 1344 3406 an
1373 3341 1495 3434 aperta

337 3451 387 3546 vi,
418 3449 517 3528 nulio
544 3475 588 3528 ex
616 3447 791 3545 condicto,
823 3449 992 3555 nulloque
1022 3451 1257 3556 praecedente
1276 3452 1321 3532 de
1340 3453 1495 3535 ineundo

338 3573 561 3655 matrimonio
589 3585 745 3652 tractatu
772 3577 866 3652 inter
893 3588 1069 3680 raptorem
1098 3601 1139 3653 ac
1167 3589 1318 3681 raptam,
1346 3578 1400 3655 vir
1419 3605 1496 3657 mu-

335 3701 458 3780 liorem
486 3697 659 3804 rapuerit.
689 3697 790 3787 Quod
817 3698 847 3776 si
876 3722 919 3777 ox
954 3701 1189 3780 accusationis
1222 3701 1340 3781 libello
1368 3701 1423 3781 vel
1451 3729 1493 3782 cx

336 3825 513 3904 institutis
541 3820 880 3925 interrogationibus
908 3835 970 3902 aut
999 3823 1140 3904 indiciis
1167 3825 1298 3931 aliquis
1325 3841 1495 3932 appareat

407 4033 443 4110 (1)
463 4034 563 4093 Recolo
583 4033 655 4092 dicta
675 4049 761 4106 supra
780 4050 843 4107 cup.
867 4040 891 4091 4.
911 4044 972 4095 ort.
994 4043 1019 4094 4.
1050 4037 1084 4094 dc
1112 4039 1322 4110 tmperttmemo
1346 4057 1380 4098 ce
1397 4040 1428 4096 oi
1444 4056 1493 4097 stu

334 4131 422 4191 metu,
439 4141 471 4182 m.
492 4127 517 4178 5.
531 4139 622 4196 papo.
639 4128 728 4179 44-45.
742 4155 761 4164 -
774 4123 821 4180 Cir
834 4137 967 4182 cansam:
984 4125 1108 4183 Nullius
1125 4130 1272 4186 diocesem.
1292 4128 1490 4195 matrimonii,

333 4227 565 4288 expensamus.
586 4215 615 4271 G.
637 4216 667 4270 C.
688 4213 734 4270 dte
756 4217 789 4268 47
810 4214 886 4271 moit'
906 4219 973 4272 4879
992 4223 1019 4272 ot
1036 4222 1054 4272 5
1072 4216 1135 4274 tom.
1158 4223 1235 4286 toto,
1258 4219 1377 4276 relatam
1398 4221 1426 4276 tn
1445 4219 1493 4276 cit.

335 4307 485 4378 promer.
505 4306 576 4360 dcto
593 4303 623 4359 S.
642 4305 673 4359 s.
693 4302 740 4359 vot
763 4305 804 4360 ta.
827 4317 890 4374 pag.
911 4307 963 4362 tos
982 4313 1009 4362 ot
1027 4319 1106 4376 seqq.
1126 4309 1161 4364 nt
1183 4321 1248 4380 pag.
1269 4312 1321 4366 ⁴2⁰
1340 4307 1494 4382 legendum

337 4402 398 4454 est:
419 4399 549 4450 coemtore
567 4391 601 4448 dc
612 4389 803 4450 imoottdttotc
820 4392 1011 4450 matrimonii
1027 4393 1063 4452 io
1080 4408 1172 4453 casu..

407 4480 443 4555 (t)
462 4481 591 4555 Appmd.
612 4482 694 4538 Μ’.
