3406 5302
897 413 1071 476 ..gug-

402 533 461 610 bic
490 533 547 610 vir
577 535 726 612 innuere
754 535 921 614 sufficiet.
954 539 999 614 Et
1026 537 1144 642 quoad
1161 539 1384 615 matrimonia
1413 535 1564 639 (16661-
1687 599 1688 636 ,

400 657 468 735 bus
498 657 572 760 agit
596 659 719 761 prinae
756 659 853 737 illius
881 659 1014 740 decreti
1050 687 1152 766 pars,
1190 687 1316 766 nempe
1352 661 1444 738 inter
1477 659 1563 738 duos

400 783 562 884 coniuges
579 781 768 860 haereticos
788 782 877 861 inita
898 809 939 861 ac
958 785 1113 864 ineunda
1130 785 1166 863 in
1187 783 1377 864 Hollandia
1391 797 1428 862 et
1446 782 1564 882 Belgio

400 903 601 998 foederato,
634 905 772 984 cunctis
801 905 979 1010 suffragiis
1014 907 1132 986 valida
1164 908 1381 1013 proclamata
1420 907 1563 985 fuerunt

402 1029 555 1108 diversis
583 1030 797 1108 rationibus.
828 1030 979 1120 cuidam
1012 1033 1105 1110 enirn
1138 1032 1402 1126 existimarunt,
1433 1045 1563 1110 certam

403 1178 445 1231 ac
472 1154 695 1257 perspicuam
738 1153 860 1234 deesse
894 1155 1157 1260 probationem,
1201 1155 1297 1262 quod
1333 1155 1477 1236 Consilii
1505 1155 1564 1234 de·
1688 1197 1689 1214 ι

403 1286 540 1352 cretum
568 1272 789 1378 publicatum
803 1273 910 1354 luerit
938 1275 974 1352 in
1003 1301 1219 1380 unaquaque
1247 1277 1415 1381 parocbia
1444 1301 1562 1354 earum

404 1397 603 1499 regionum,
635 1411 827 1502 antequam
857 1397 938 1478 illae
966 1397 1012 1476 ab
1041 1399 1225 1504 hispanica
1260 1399 1501 1478 dominatione
1529 1421 1563 1476 se

403 1517 677 1612 subtrabereut;
709 1517 859 1621 ideoque
887 1544 930 1596 er
958 1518 1117 1597 eiusdem
1136 1519 1335 1598 concilieris
1362 1517 1495 1598 decreti
1515 1532 1566 1596 te-
1689 1547 1690 1570 ¹

405 1665 504 1734 nore,
536 1665 577 1720 ea
606 1640 830 1720 matrimonia
859 1665 1085 1746 nequaquam
1121 1641 1299 1722 nullitatis
1332 1641 1419 1720 vitio
1447 1639 1566 1719 subia-

405 1787 484 1840 cere
514 1761 559 1866 (l.
592 1787 624 1840 c.
657 1787 718 1842 on.
752 1764 867 1865 6-7.)
882 1809 907 1824 -
922 1765 990 1844 dlii
1005 1790 1102 1860 vero,
1126 1765 1192 1844 bac
1211 1767 1340 1844 omissa
1358 1765 1565 1869 quaestione

406 1885 450 1964 de
479 1885 720 1990 publicatione
758 1887 906 1982 decreti,
942 1889 1047 1966 immo
1074 1889 1181 1967 etiam
1214 1887 1458 1981 admittentes,
1490 1909 1564 1963 earu

403 2011 472 2089 rito
501 2010 643 2103 iactam,
675 2009 765 2090 duas
794 2011 1010 2117 reputabant
1039 2013 1218 2092 bominum
1258 2011 1446 2090 societates
1474 2011 1564 2088 inter

402 2159 440 2212 se
469 2134 574 2238 plane
611 2133 799 2214 distinctas
832 2121 1079 2214 occasionem
1107 2137 1144 2214 iu
1176 2135 1357 2239 sequelam
1394 2133 1563 2212 illiusmet

404 2256 613 2336 delectionis
641 2257 842 2336 edormatas
869 2257 992 2354 luisse,
1025 2259 1173 2336 alteram
1193 2257 1403 2336 catholicam
1422 2269 1459 2336 et
1477 2255 1568 2332 alte-

406 2407 481 2460 ram
510 2381 739 2476 baereticam,
770 2409 863 2487 quae
892 2408 986 2462 nuno
1006 2383 1156 2462 invicem
1170 2384 1366 2488 permixtae
1386 2383 1423 2460 in
1442 2379 1565 2460 iisdem

406 2503 611 2607 regionibus
639 2519 842 2584 versantur.
873 2509 988 2594 Quare
1017 2506 1156 2586 etiamsi
1184 2519 1268 2586 ante
1301 2505 1423 2584 civiles
1451 2518 1567 2582 motus

407 2628 628 2734 publicatum
661 2627 788 2708 luisset
826 2629 1023 2708 Tridentini
1051 2629 1247 2722 decretum,
1292 2653 1371 2706 cum
1411 2625 1568 2706 uoudum

406 2766 530 2832 exorta
558 2777 674 2855 neque
704 2751 753 2830 ibi
781 2755 975 2834 constituta
1006 2767 1091 2832 tuuc
1128 2765 1223 2832 esset
1249 2751 1363 2830 altera
1394 2751 1456 2828 illa
1485 2750 1570 2828 bae·

407 2878 597 2957 reticorum
626 2876 792 2972 societas,
825 2877 913 2956 haec
949 2879 1036 2984 ipsis
1071 2877 1215 2956 minime
1253 2875 1443 2954 videbatur
1475 2875 1570 2954 eius-
1692 2867 1693 2896 ³

408 3001 501 3082 modi
531 3001 665 3080 decreti
686 3000 925 3105 publicatione
945 3001 1119 3104 adstringi
1139 3001 1298 3108 potuisse
1318 3000 1360 3104 (l.
1392 3025 1423 3078 o.
1445 3024 1481 3077 n.
1511 3000 1564 3102 8).

408 3173 432 3187 -
452 3126 520 3204 ttit
558 3125 818 3204 haereticorum
855 3125 1160 3205 matrimoniorum
1197 3124 1418 3204 validitatem
1450 3149 1494 3202 ex
1526 3147 1568 3201 eo

408 3249 521 3354 repeti
550 3274 654 3354 posse
682 3250 945 3344 existimarunt,
977 3247 1072 3354 quod
1100 3249 1299 3328 Tridentini
1327 3252 1451 3326 Patres
1470 3245 1571 3326 volu-

410 3371 518 3462 erint,
551 3367 733 3448 decretum
761 3369 849 3448 illud
869 3371 939 3448 vim
958 3395 1060 3448 suam
1078 3394 1149 3448 non
1170 3367 1301 3446 babere
1320 3368 1390 3446 uisi
1410 3379 1490 3472 post
1506 3366 1570 3446 tri-

408 3493 507 3595 ginta
537 3490 613 3568 dies
641 3517 661 3568 a
690 3490 930 3597 publicatione
959 3493 996 3569 in
1016 3493 1165 3596 singulis
1190 3489 1367 3596 parochiis
1387 3489 1567 3585 lacienda;

408 3617 563 3698 ulterius
591 3631 709 3696 autem
739 3617 919 3696 decretum
948 3643 1018 3698 uon
1047 3616 1226 3723 progredi,
1257 3641 1372 3720 neque
1392 3613 1573 3694 declarare

408 3770 454 3822 an
483 3741 656 3821 eiusmodi
684 3743 761 3845 lege
796 3741 1032 3822 heterodorae
1064 3744 1252 3822 societates
1285 3755 1370 3820 tunc
1407 3753 1572 3818 extantes

408 3892 449 3946 66
478 3865 621 3944 suturae
658 3866 909 3972 comprehendi
946 3865 1136 3963 deberent3
1176 3890 1217 3943 ac
1250 3865 1390 3944 illorum
1428 3868 1573 3943 Patrum

409 4003 562 4070 mentem
591 3989 703 4068 videri
733 3989 842 4070 luisse
862 3991 947 4070 buio
961 3990 1182 4070 inducendae
1198 3987 1405 4090 obligationi
1433 4000 1582 4066 contra.

409 4115 513 4208 riam,
544 4137 588 4190 en
617 4139 658 4192 eo
685 4113 779 4218 quod
800 4115 909 4220 probe
929 4115 1097 4208 viderint,
1116 4137 1300 4218 nunquam
1315 4111 1477 4190 futurum
1496 4136 1572 4190 esse

410 4255 452 4319 ut
479 4242 516 4318 in
531 4239 616 4318 locis
632 4240 891 4322 baereticorum
910 4241 970 4320 illa
989 4241 1191 4346 expleretur
1211 4237 1343 4316 decreti
1360 4237 1571 4342 publicatio,

412 4404 432 4454 a
462 4390 534 4470 qua
562 4365 658 4444 illius
686 4367 841 4446 efficacia
869 4365 1062 4473 pendebat,
1093 4377 1129 4444 et
1157 4363 1247 4444 sica
1275 4361 1443 4444 Patribus
1472 4387 1578 4470 prae-
