3402 5292
857 423 895 438 --
917 391 975 454 312
997 425 1034 438 -

359 511 473 592 nitate
501 511 595 616 (Gfr
624 517 702 592 dot.
736 511 803 618 sol.
837 522 906 594 131
914 515 959 617 ):
991 515 1072 610 bae,
1114 515 1273 621 inquam,
1315 514 1530 622 prudentiae

359 647 397 714 et
424 636 512 714 artis
540 636 838 742 praescriptiones
864 652 902 717 et
929 639 1090 718 cautelae
1118 637 1323 717 huiusmodi
1350 651 1451 734 sunt,
1483 651 1526 718 ut

360 760 600 862 quantumin
639 761 805 840 humanis
831 760 885 840 las
913 775 981 858 est,
1014 787 1152 840 omnem
1189 761 1292 866 longe
1321 777 1528 842 removeant

354 883 502 963 errandi
541 883 776 964 formidinem.
817 884 930 990 quue
966 885 1176 992 praesertim
1213 886 1243 964 si
1282 885 1528 992 perpendatur

362 1006 457 1113 quod
485 1007 523 1088 in
551 1007 733 1113 praedicta
761 1008 919 1090 iudiciali
947 1009 1181 1116 inspectione,
1207 1009 1265 1089 die
1294 1017 1343 1088 et
1372 1023 1532 1116 septem·

361 1130 436 1210 bris
466 1140 567 1214 1868
597 1133 758 1236 vigilanti
787 1131 907 1212 studio
935 1159 976 1212 ac
1004 1129 1194 1238 diligeritis
1212 1147 1371 1236 peracta,
1395 1133 1529 1212 nedum

362 1257 659 1362 praescriptiones
694 1257 790 1350 illae,
821 1256 884 1336 sed
921 1271 956 1336 et
984 1257 1106 1362 praxis
1143 1285 1163 1336 3
1201 1261 1274 1334 Db.
1306 1253 1454 1354 tradita,
1490 1272 1531 1338 et

360 1380 547 1460 instructio
575 1380 620 1458 ab
650 1381 717 1460 bac
747 1407 847 1460 sacra
879 1381 1158 1484 congregatione
1186 1381 1282 1460 edita
1310 1379 1531 1462 (1132233-

362 1502 456 1606 gusti
488 1512 603 1598 1810,
621 1530 706 1610 prae
724 1504 835 1584 oculis
863 1503 1007 1583 habitae
1040 1519 1077 1584 et
1105 1503 1150 1582 ad
1179 1529 1335 1608 unguem
1363 1519 1529 1584 seruatae

361 1625 496 1708 luerint
523 1629 539 1734 (
566 1628 597 1732 ).

439 1759 504 1830 st.
535 1756 662 1856 Itaque
692 1751 759 1830 bac
787 1753 1007 1858 inspectione
1034 1753 1084 1832 ita
1099 1765 1280 1858 peractae
1300 1750 1416 1830 tribus
1433 1750 1530 1830 inter

360 1876 546 1982 peritiores
564 1901 607 1954 ac
619 1875 802 1982 probiores
820 1877 889 1955 loci
903 1877 1126 1973 obstetrices,
1149 1875 1522 1981 nempealliucentia,

356 2027 382 2078 -3
410 2000 594 2080 Marianon
621 2015 658 2080 et
686 2027 706 2078 3
733 2002 983 2096 Mariantonia,
1014 2027 1095 2080 oum
1114 2000 1318 2080 assistentia
1347 1999 1531 2078 honestis-

361 2124 471 2202 simae
498 2137 681 2202 matronae
709 2125 874 2230 Sophiae,
907 2125 944 2202 in
972 2125 1095 2230 primis
1115 2125 1314 2218 Vincentia,
1333 2123 1527 2228 propositis

362 2247 643 2349 interrogatoriis
670 2247 904 2352 respondens,
935 2249 1070 2328 indicat
1096 2249 1254 2354 potiores
1273 2261 1375 2326 notas
1389 2247 1531 2352 quibus

362 2383 442 2451 tuto
470 2369 629 2474 dignosci
656 2385 776 2477 potest
803 2373 951 2481 physica
979 2373 1131 2452 alicuius
1157 2372 1297 2478 puellae
1317 2371 1526 2473 virginitas;

353 2496 514 2576 subinde
542 2498 742 2576 iuramento
775 2497 935 2602 deponit,
967 2499 1033 2577 has
1066 2521 1187 2576 omnes
1219 2511 1323 2576 notas
1355 2494 1529 2574 eminenti

362 2619 475 2722 gradu
502 2619 649 2726 reperiri
677 2620 883 2726 incorpore
913 2621 1026 2700 lullae
1060 2621 1105 2700 ab
1134 2647 1172 2700 se
1200 2645 1315 2726 nuper
1342 2621 1525 2723 inspect03

362 2757 471 2850 atque
508 2745 590 2824 inde
631 2745 833 2825 concludit:
876 2777 894 2822 c
932 2746 1003 2824 Che
1042 2745 1077 2823 13
1115 2746 1182 2849 sig.
1217 2743 1333 2824 Giulia
1370 2747 1390 2820 e
1435 2742 1531 2820 nella

365 2869 611 2948 «condicione
639 2869 793 2974 perfetta
820 2870 915 2949 della
943 2895 1009 2948 sua
1036 2869 1134 2948 lisice
1162 2869 1379 2970 verginita»
1409 2867 1525 2970 (Art.

355 2991 442 3098 foll.
478 2996 697 3099 ree-141).
730 2993 898 3073 Similiter
921 3021 959 3073 sc
981 2993 1090 3097 gessit
1109 2991 1361 3086 llariantonia,
1384 2989 1531 3068 conclu·-

361 3113 463 3196 dens:
484 3145 502 3192 ‹
522 3115 726 3195 Concbiudo
740 3117 922 3221 adunque,
944 3143 964 3196 e
983 3116 1169 3223 prenderei
1190 3127 1293 3194 cento
1312 3112 1528 3217 giurameuti

359 3239 469 3318 «ebe
498 3240 532 3318 la
560 3241 628 3341 sig.
667 3239 786 3320 Giulia
813 3243 832 3318 b
861 3241 956 3320 nelle
992 3253 1087 3320 stato
1123 3237 1395 3318 incontestabile
1433 3236 1527 3314 della

364 3391 383 3436 a
406 3389 471 3441 sua
499 3365 712 3466 verginit'a»
734 3364 830 3468 (Act.
853 3363 932 3468 soll.
959 3365 1171 3467 tlt-ltu).
1194 3361 1349 3441 Tandem
1368 3360 1524 3465 idipsum

358 3511 471 3590 agens
499 3488 605 3567 tertia
624 3489 799 3568 obstetrix
818 3489 1018 3585 Marianae,
1041 3502 1078 3568 et
1097 3489 1174 3593 ipsa
1192 3484 1391 3565 concludit:
1416 3513 1435 3557 ‹
1459 3487 1527 3563 Per

362 3611 438 3689 «13
466 3611 550 3717 qual
579 3635 659 3690 cosa
688 3612 722 3690 io
750 3611 890 3714 giudice
909 3637 928 3691 e
949 3612 1087 3715 ritcngo
1115 3635 1180 3688 con
1209 3621 1306 3688 tutta
1335 3605 1521 3700 iermecza,

361 3766 381 3810 ‹
404 3735 470 3814 obe
497 3759 570 3812 oon
597 3737 632 3812 ri
660 3737 679 3813 e
698 3736 841 3837 vergine
861 3739 932 3815 cosi
952 3736 1099 3826 intatta,
1121 3733 1165 3814 ed
1185 3735 1222 3812 in
1242 3731 1351 3836 grado
1365 3731 1402 3810 di
1421 3744 1524 3810 tanta

354 3889 381 3934 -t
404 3858 588 3961 integritd,
618 3859 831 3962 quanto·l’'e
857 3861 892 3938 la
920 3861 988 3964 sig.
1019 3859 1136 3941 Giulia
1160 3890 1178 3934 >
1200 3860 1297 3963 (Act.
1319 3857 1399 3964 foll.
1425 3866 1528 3937 tte-

364 3983 471 4086 tte).
503 3984 633 4062 Relata
660 3996 780 4062 autem
808 3985 875 4063 bac
903 3985 1124 4091 inspectione
1144 3985 1189 4065 ab
1217 4009 1434 4089 unaquaque
1463 3983 1529 4062 ob·

360 4109 505 4186 stetrice
544 4108 736 4211 separatim
771 4134 851 4188 oum
885 4109 954 4188 alio
999 4111 1198 4190 iuramento
1231 4111 1360 4212 cuique
1406 4105 1530 4185 docto-

359 4255 440 4309 rum
481 4231 642 4328 seorsim,
679 4257 805 4339 nempe
842 4235 999 4340 losopbo
1034 4235 1202 4338 ebirurgo
1242 4247 1279 4313 et
1316 4232 1524 4329 obstetrico,

356 4403 373 4414 ·'
431 4385 469 4460 (ll
488 4387 535 4447 Clr
554 4391 584 4447 in
605 4391 768 4464 appendice
788 4397 813 4450 2⁸
832 4391 906 4450 banc
925 4397 952 4451 S.
974 4395 1003 4451 c.
1024 4395 1054 4451 c.
1075 4391 1304 4451 instructionem.
