3406 5302
653 423 826 484 -271-

156 577 175 618 ι
198 542 380 650 praedicta
408 545 527 650 opinio
553 571 646 649 qnae
660 547 884 624 matrimonia
905 547 999 624 iuter
1019 544 1215 623 haereticos
1235 568 1319 622 con-

155 683 311 750 ‹tracta
339 695 458 748 coram
495 669 656 748 ministro
685 669 881 748 acatholico
918 667 1114 773 peocrotim
1152 667 1250 746 nulla
1278 691 1319 744 ac

155 795 298 872 «irrita
327 819 404 872 esse
433 807 649 898 propugnat,
682 793 905 872 adversarios
933 818 1073 897 semper
1097 791 1264 870 habuerit
1283 804 1320 870 et

157 943 346 998 «numero
375 919 497 1022 plures
524 919 787 998 etauctoritatc
802 917 1141 1022 praestantissimos,
1173 914 1261 993 adeo
1279 927 1320 993 ut

158 1047 259 1122 «ris
287 1044 442 1147 aliquem
471 1043 659 1122 retinuerit
688 1041 951 1148 probabilitatis
972 1041 1134 1144 gradum,
1167 1041 1318 1120 maxime

160 1183 282 1274 «post
309 1170 441 1248 editam
469 1195 489 1246 a
518 1169 755 1248 Benenedicto
786 1164 865 1246 xlv
886 1193 946 1246 an.
973 1175 1068 1248 tttl
1107 1192 1170 1272 pro
1197 1169 1321 1246 matri·

161 1293 332 1372 ‹moniis
360 1291 570 1371 Hollamliae
598 1291 863 1370 celeberrimam
891 1291 1202 1372 declarationem»
1234 1288 1308 1395 (t).

239 1423 301 1494 tt.
334 1420 385 1494 Ex
415 1415 459 1493 iis
488 1417 564 1494 iure
593 1415 718 1494 merito
745 1415 908 1494 concludi
935 1427 1066 1520 potest,
1098 1413 1321 1494 matrimonia

158 1541 232 1616 sire
260 1537 519 1616 haereticorum
539 1540 632 1616 iuter
651 1563 704 1632 se,
726 1541 801 1618 sive
820 1539 945 1632 mixta,
965 1563 1036 1617 non
1050 1549 1190 1616 servata
1211 1536 1321 1616 lornra

157 1661 343 1742 tridentini
385 1661 518 1740 decreti
547 1661 740 1757 celebrata,
773 1661 890 1742 valida
918 1687 996 1742 esse
1026 1661 1080 1740 vel
1113 1663 1207 1740 t.‘iu
1235 1662 1322 1740 locis

158 1787 220 1866 nbi
262 1786 445 1865 decretum
474 1785 563 1866 illud
590 1811 662 1864 non
695 1785 763 1866 luit
790 1812 948 1891 unquam
986 1785 1221 1890 publicatum,
1260 1798 1324 1864 aut

158 1913 188 1988 si
222 1910 289 1989 rite
322 1909 544 2015 publicatum
571 1923 606 2024 et
634 1911 875 2004 observatum,
911 1911 1015 2013 longo
1043 1909 1126 1989 dein
1156 1911 1323 2014 temporis

159 2033 349 2112 intervallo
365 2032 402 2110 in
421 2031 693 2114 desuetudinem
713 2034 819 2130 abiit;
834 2079 859 2094 -
876 2033 930 2112 vel
947 2043 984 2112 T.
1001 2034 1039 2111 in
1058 2033 1145 2112 locis
1164 2057 1323 2136 compre·

160 2157 283 2236 heusis
311 2183 332 2234 a
360 2157 605 2236 Declaratione
634 2157 879 2252 benedictina,
910 2157 1004 2236 idest
1017 2158 1055 2234 in
1083 2157 1323 2238 Hollandiaet

158 2281 294 2384 Belgio,
326 2283 431 2358 acin
460 2280 541 2358 aliis
567 2281 654 2360 locis
682 2280 847 2385 adquae
884 2295 1007 2360 sancta
1036 2279 1144 2362 Sedes
1171 2281 1217 2360 ob
1245 2307 1324 2360 eas-

159 2404 239 2483 dem
268 2405 439 2499 rationes,
470 2431 562 2508 quae
590 2433 654 2511 pro
682 2406 753 2484 illis
781 2405 1324 2510 foederatisprovinciismilita-

160 2526 262 2621 bant,
294 2551 372 2606 eam
399 2527 579 2624 extendit3
602 2575 626 2590 -
647 2530 702 2608 vel
730 2539 767 2608 3.
800 2529 838 2606 in
864 2529 951 2608 locis
978 2554 1040 2635 pro
1073 2530 1205 2634 quibus
1237 2554 1324 2634 apo-

161 2649 284 2728 stolica
317 2649 426 2728 Sedes
463 2649 648 2754 derogarit
685 2651 845 2756 praelato
878 2651 1077 2730 Tridentini
1110 2653 1266 2732 decreto.
1300 2695 1323 2712 -

161 2773 303 2852 Scilicet
330 2777 486 2854 rationes
514 2801 635 2854 omnes
662 2802 814 2882 quarum
830 2775 865 2854 vi
885 2776 941 2854 vel
969 2776 1103 2855 intuitu
1131 2775 1324 2881 apostolica

161 2901 363 2978 Auctoritas
391 2899 509 2980 valere
542 2903 694 2982 sancivit
721 2927 763 2980 ea
792 2901 1030 2994 matrimonia,
1073 2899 1149 2978 loco
1182 2901 1324 2978 omnino

162 3023 372 3128 respiciunt,
404 3049 473 3102 aon
496 3051 679 3130 persoaos.

241 3159 286 3234 Et
314 3155 394 3234 ideo
421 3181 465 3234 er
494 3161 672 3237 contraria
699 3159 852 3254 ratione,
883 3158 1065 3264 praedicta
1098 3157 1325 3236 matrimonia

162 3278 252 3356 inita
279 3279 416 3384 absque
444 3284 646 3385 praesentia
667 3283 800 3388 proprii
821 3283 966 3387 parochi
986 3306 1027 3360 ac
1046 3281 1205 3374 testium,
1229 3278 1327 3358 nulla

163 3426 203 3479 ac
232 3402 333 3481 irrita
361 3429 439 3482 esse
476 3417 616 3483 constat
643 3406 687 3482 iis
716 3407 752 3482 in
781 3405 868 3485 locis
895 3407 932 3484 in
964 3406 1096 3511 quibus
1129 3403 1327 3484 Tridentini

164 3522 345 3604 decretum
373 3526 441 3604 rite
469 3526 538 3606 luit
570 3527 806 3633 publicatum,
843 3553 908 3608 nec
936 3527 981 3606 ad
1009 3555 1051 3608 ea
1079 3553 1237 3632 unquam
1264 3552 1328 3631 po-

163 3661 241 3726 stea
268 3649 462 3752 apostolica
489 3651 709 3730 Auctoritate
737 3665 885 3731 extensa
914 3651 983 3731 luit
1010 3651 1241 3732 Benedictina
1260 3655 1329 3728 De-

160 3771 321 3866 claratio,
352 3797 468 3880 neque
505 3799 662 3880 unquam
695 3776 893 3857 Tridentini
921 3777 1064 3858 decreto
1095 3777 1319 3881 derogatum,

163 3897 214 3974 ita
242 3908 282 3974 ut
311 3895 348 3974 iu
376 3897 428 3976 eis
456 3897 563 4002 plane
590 3899 723 4001 vigeat.

244 4027 307 4098 42.
339 4022 447 4126 Atqui
466 4022 664 4102 Tridentini
683 4023 864 4104 decretum
884 4027 951 4103 rite
976 4022 1086 4104 luisse
1106 4023 1327 4129 publicatum

164 4143 334 4222 initalia
362 4146 529 4226 universa
562 4147 751 4226 nedumer
770 4149 965 4228 innumeris
998 4147 1234 4243 documentis,
1266 4146 1328 4226 sed

233 4334 270 4412 (l)
303 4335 351 4394 Clr
371 4337 473 4395 harum
505 4339 665 4397 litterarum
684 4341 833 4410 exemplar
852 4341 882 4398 in
901 4344 948 4400 cit.
969 4341 1130 4416 appendice
1148 4349 1186 4398 θ’.
1198 4355 1235 4399 ex
1254 4355 1324 4401 mss.

165 4425 296 4482 vaticano
312 4424 421 4484 editum
439 4425 494 4485 sub
512 4426 560 4485 dte
577 4427 612 4486 10
630 4427 698 4486 mati
718 4427 797 4486 1847.
