3446 5298
862 477 1040 538 —llss-

359 599 515 679 dnlterio
534 599 812 705 suscipiendam,
835 600 953 705 quoad
972 597 1229 678 ecclesiasticus
1248 594 1412 687 ellectuS,
1438 605 1533 671 tarn-

363 749 470 830 quam
500 723 740 803 adulterinam
769 723 902 803 hahere
930 737 966 802 et
984 747 1234 826 recognoscere
1254 731 1439 800 tenentur.
1464 717 1537 794 lle-

366 874 437 954 que
466 873 551 926 uero
578 851 651 928 llos
666 875 708 926 eo
723 861 839 942 tanta,
857 873 950 953 quae
969 847 1182 940 efferuntur,
1201 844 1360 952 pericula
1380 853 1533 932 terrent,

365 999 484 1078 neque
517 973 563 1052 ah
599 975 643 1051 iis
671 972 917 1078 Principibus,
951 974 1014 1078 qui
1048 973 1087 1050 in
1119 973 1197 1050 istis
1231 966 1438 1073 regionibus
1471 977 1535 1042 tuo

366 1097 547 1202 spirituali
576 1095 739 1200 regimini
772 1097 986 1176 concreditis
1014 1097 1206 1202 imperant,
1240 1093 1438 1200 quidquam
1465 1087 1539 1166 lor-

369 1220 560 1316 midamus,
590 1219 687 1326 quod
719 1221 908 1326 parochos,
945 1221 1148 1326 Christique
1180 1215 1383 1298 sacerdotes
1410 1217 1448 1292 in
1475 1235 1537 1290 eas

370 1343 518 1450 adigant
545 1345 746 1450 augustias,
778 1359 819 1426 ut
847 1345 903 1425 rel
931 1373 997 1426 suo
1023 1346 1162 1424 muneri
1186 1343 1320 1438 desint,
1350 1339 1406 1419 rel
1433 1338 1540 1416 Priu-

370 1469 461 1574 cipis
500 1471 782 1574 indignationem
817 1471 1016 1550 incurrant.
1054 1475 1097 1549 ln
1131 1469 1267 1549 ditione
1303 1464 1457 1545 Badensi
1495 1487 1539 1540 eo

370 1591 501 1689 edicto,
533 1595 636 1672 cuius
669 1593 716 1672 ah
748 1594 851 1673 initio
885 1595 1129 1690 meminimus,
1165 1594 1219 1670 uis
1250 1589 1350 1668 nulla
1385 1585 1539 1665 infertur

370 1717 606 1822 parochorum
633 1717 889 1815 conscientiae,
919 1719 950 1796 si
978 1719 1080 1796 nuris
1095 1717 1231 1822 nuptiis
1247 1715 1385 1792 illorum
1415 1710 1541 1790 conin-

372 1865 475 1942 gum,
511 1841 574 1944 qui
608 1867 629 1918 a
661 1841 883 1919 consistoriis
916 1841 1122 1920 acatholicis
1157 1839 1286 1946 prioris
1323 1833 1539 1915 matrimonii

373 1963 517 2042 vinculo
545 1978 632 2044 sunt
659 1964 818 2062 liberati,
850 1965 1022 2044 interesse
1049 1964 1179 2044 nolint.
1211 1967 1253 2041 ln
1281 1961 1452 2040 Bavarica
1476 1969 1539 2036 aut

373 2087 551 2182 Palatina,
574 2089 738 2193 quamvis
766 2089 928 2193 asperius
954 2087 1150 2194 quidquam
1169 2089 1217 2166 sit
1237 2087 1303 2165 hac
1321 2085 1365 2164 de
1386 2111 1422 2164 re
1438 2107 1540 2162 man-

371 2211 511 2308 datum,
530 2212 627 2290 haud
647 2225 768 2293 tamen
786 2213 951 2319 parochis
969 2212 1155 2292 catholicis
1169 2225 1400 2318 praeceptum
1415 2224 1485 2304 est,
1497 2221 1541 2288 ut

372 2335 474 2413 novis
490 2338 625 2440 nuptiis
637 2337 817 2432 intersint,
832 2361 963 2441 easque
977 2363 1042 2414 sua
1053 2335 1301 2416 bencdictione
1311 2333 1536 2412 confirment.

373 2461 566 2562 Speramus
594 2473 713 2539 autern
742 2461 1006 2538 serenissimum
1034 2461 1207 2538 Barariae
1235 2459 1362 2538 ducem
1389 2455 1542 2536 catholi-

373 2606 454 2659 cum
474 2593 510 2660 et
529 2585 692 2686 egregiae
711 2583 842 2662 indolis
856 2584 1052 2690 principem
1072 2597 1211 2662 suomet
1225 2583 1382 2687 ingenio,
1405 2595 1442 2660 et
1469 2579 1542 2658 tuis

373 2705 481 2784 etiam
509 2707 676 2811 precihus
695 2706 1030 2812 hortationibusque
1050 2706 1244 2786 adductum
1263 2707 1322 2800 iri,
1345 2721 1385 2784 ut
1400 2704 1543 2784 saniora

375 2829 443 2908 hae
471 2829 515 2908 de
543 2855 581 2907 re
609 2831 757 2910 consilia
785 2832 971 2936 suscipiat.

454 2957 625 3033 veremur
652 2957 787 3060 potius,
818 2955 1053 3060 parochorum
1073 2957 1309 3036 constantiam
1333 2953 1544 3034 lahelactari

373 3103 478 3184 posse
506 3079 552 3157 ab
581 3105 622 3158 ea
650 3079 821 3186 opinandi
849 3081 1034 3178 libertate,
1064 3107 1157 3186 quae
1185 3083 1316 3186 passim
1345 3106 1441 3159 nunc
1469 3105 1546 3158 ser-

375 3203 442 3308 pit,
473 3229 515 3282 ae
542 3203 776 3308 plurimorum
803 3219 941 3285 mentes
968 3205 1181 3311 corrumpit,
1213 3219 1321 3310 atque
1348 3232 1369 3282 a
1397 3229 1546 3284 seruau-

376 3327 433 3406 dis
461 3327 695 3406 sanctissimis
724 3327 903 3408 Ecclesiae
935 3329 1089 3432 legibus,
1125 3343 1161 3408 et
1189 3329 1397 3437 praesertim
1436 3329 1545 3408 huius

376 3452 590 3556 apostolicae
620 3451 722 3530 Sedis
750 3453 1073 3534 Constitutionibus
1102 3454 1234 3560 abripit
1255 3481 1296 3532 ac
1314 3453 1475 3532 divertit.
1499 3457 1543 3530 ln

377 3577 445 3654 hac
473 3576 565 3682 ipsa,
596 3575 641 3654 de
668 3601 738 3681 qua
769 3578 921 3680 agimus,
952 3605 1060 3658 causa
1088 3591 1161 3658 tres
1189 3578 1308 3684 inquis
1336 3603 1413 3656 esse
1443 3577 1547 3656 theu-

374 3699 535 3802 lcgurum
564 3723 605 3778 ac
633 3699 721 3777 iuris
749 3701 910 3779 canonici
938 3702 1134 3806 peritorum
1167 3702 1380 3796 sententias,
1403 3701 1545 3779 diverso

376 3835 496 3901 tamen
525 3823 601 3901 iure
628 3820 818 3922 subnixas,
841 3852 933 3931 quae
952 3825 1186 3905 conciliandis
1205 3825 1262 3904 his
1281 3825 1385 3904 rionis
1405 3823 1544 3930 nuptiis

376 3974 456 4028 cum
485 3951 720 4054 parochorum
748 3955 1003 4034 catholicorum
1030 3955 1234 4060 praesentia
1262 3953 1384 4032 lavent
1412 3980 1455 4032 ac
1473 3953 1548 4032 sui-

376 4073 576 4178 fragautur.
608 4077 680 4156 ulii
708 4079 871 4158 sentiunt
900 4079 1159 4158 haereticorum
1179 4079 1404 4157 matrimonia
1428 4103 1548 4156 sacra-

376 4213 495 4278 menta
524 4225 596 4278 nun
624 4227 717 4298 esse,
756 4201 818 4281 sed
851 4203 973 4281 civiles
1007 4215 1149 4281 tantum
1182 4215 1403 4299 contractus,
1436 4217 1546 4306 atque

375 4321 464 4401 adeo
492 4328 656 4430 perpetui
685 4351 726 4404 ac
753 4325 1011 4406 indissolubilis
1038 4311 1171 4404 vinculi
1204 4327 1281 4429 lege
1309 4352 1381 4406 non
1410 4325 1541 4406 teneri.

379 4446 448 4526 ulii
476 4448 677 4528 haereticus
705 4463 894 4530 autumant
922 4450 1101 4530 Ecclesiae
1130 4449 1228 4528 haud
1244 4475 1321 4529 esse
1350 4451 1545 4544 subiectos,
