3402 5292
650 459 690 474 ..
709 427 768 489 :aar
790 459 826 474 ..

163 562 200 626 et
219 550 401 654 quaelibet
417 553 714 633 reconciliationis
733 579 814 660 spes
833 555 977 634 omnino
994 573 1195 638 evanescet.
1219 603 1243 618 -
1263 565 1328 638 tt-

161 671 223 776 qui
252 675 347 753 iusta
375 673 654 781 dispensationis
682 703 789 756 causa
817 693 873 758 est
903 710 921 753 ‹
946 680 1063 782 gravis
1083 682 1188 762 timor
1207 682 1327 784 magni

165 829 182 870 ι
206 799 363 878 scandali
392 799 520 895 futuri,
551 801 635 906 quia
650 801 685 880 id
705 801 799 881 cedit
815 803 852 879 in
867 827 1032 906 magnum
1049 804 1328 917 damnumlcom-

166 945 313 1002 «mune
336 985 345 1001 .
372 985 416 1002 ..
448 949 527 1002 cum
556 923 592 1002 id
619 924 827 1004 scandalum
860 925 972 1030 possit
1005 929 1149 1007 evenire
1179 927 1224 1006 ob
1256 928 1330 1008 icr-

164 1079 180 1120 ‹
205 1049 394 1127 nicationis
422 1049 598 1144 timorem,
630 1051 774 1154 quando
792 1052 960 1155 coniuges
980 1053 1084 1132 vaide
1103 1055 1172 1134 sibi
1200 1055 1326 1161 displi-

128 1272 132 1281 ¹
164 1189 300 1272 «cent,
331 1175 386 1254 rc}
416 1176 460 1254 ob
490 1177 694 1255 inimicitias
726 1201 818 1282 quae
846 1177 941 1257 inter
977 1203 1099 1258 eorum
1137 1195 1322 1285 cognatos,

163 1327 181 1372 a
204 1299 259 1376 rel
275 1323 396 1378 eorum
412 1301 694 1403 consanguineos
713 1301 885 1380 timentur
907 1331 942 1379 a.
966 1307 1022 1382 lta
1039 1305 1191 1384 Corrado
1206 1305 1249 1410 (i.
1267 1307 1322 1406 c.)

165 1450 209 1503 ex
238 1425 395 1503 Sanchez
424 1426 503 1530 (cit.
535 1425 628 1531 disp.
663 1433 725 1503 16.
761 1451 800 1502 rt.
833 1425 897 1530 3);
929 1427 980 1505 ita
1009 1428 1113 1506 Gard.
1148 1431 1199 1507 De
1228 1433 1323 1507 Luca

163 1547 231 1652 (De
258 1561 367 1625 matr.
398 1547 461 1626 lid.
495 1555 557 1627 11.
598 1547 686 1626 dise.
718 1557 756 1626 9.
789 1571 850 1624 nn.
887 1547 980 1653 7-8)
1010 1593 1034 1609 -
1059 1549 1108 1628 ibi
1128 1581 1193 1624 -a
1225 1555 1327 1630 Com-

165 1672 324 1750 ‹manis
351 1685 407 1750 est
435 1671 701 1750 canonistarum
737 1671 932 1766 sententia,
963 1695 1070 1776 quam
1093 1735 1102 1750 .
1129 1735 1137 1752 .
1164 1735 1172 1751 .
1204 1691 1324 1756 servat
1416 1673 1419 1682 ’

161 1796 308 1874 «Curia
336 1821 496 1890 romana,
527 1811 568 1875 ut
596 1799 692 1899 Papa
720 1821 764 1872 oa
793 1795 887 1873 iusta
916 1796 972 1874 vel
1001 1797 1153 1876 honesta
1181 1823 1318 1895 causa,

164 1949 182 1992 ι
205 1921 267 1998 illa
294 1920 504 2024 praesertim
532 1919 604 1998 odii
630 1933 667 1998 et
687 1919 965 2014 inimicitiarum,
984 1920 1192 2026 dispensare
1212 1909 1325 2027 possit

162 2067 312 2148 «saper
340 2043 563 2122 matrimonio
592 2057 669 2121 roto
697 2055 838 2121 tantum
857 2073 892 2121 ».
915 2048 961 2122 Et
980 2057 1120 2124 attenta
1149 2046 1327 2150 impoten-

162 2167 212 2247 tia
240 2167 277 2244 in
305 2191 404 2261 casu,
429 2166 481 2264 ,de
507 2191 578 2271 quo
607 2165 738 2243 ibidem
764 2166 895 2268 agebat
928 2181 966 2246 et
999 2167 1083 2246 huic
1116 2169 1320 2265 simillimo,

154 2287 426 2384 animadvertit,
448 2317 490 2369 eo
509 2289 638 2368 fortius
656 2314 700 2366 en
721 2289 788 2367 hac
807 2315 914 2368 causa
934 2290 1213 2396 dispensandum
1228 2317 1321 2388 osse,

158 2418 242 2523 quia
271 2417 411 2524 proprie
431 2407 586 2520 nonest
611 2413 778 2520 formalis
813 2415 1030 2521 dispensatio
1061 2439 1170 2522 super
1197 2419 1323 2498 matri·

159 2541 276 2619 monia
313 2540 472 2644 alioquin
499 2540 613 2631 firmo,
644 2537 707 2616 sed
735 2536 879 2617 videtur
897 2534 1019 2644 potius
1045 2540 1221 2645 quaedam
1258 2541 1325 2620 ad-

159 2663 379 2742 ministratio
397 2661 572 2748 iustitiae,
588 2661 681 2739 idest
710 2660 774 2739 aad
787 2659 861 2739 aiio
875 2661 997 2750 titulo,
1011 2689 1107 2741 more
1126 2661 1323 2770 Principis,

156 2785 433 2864 administratae
458 2788 514 2888 (a.
533 2793 571 2864 8.
590 2786 691 2887 cit).
825 2826 830 2842 ·

204 3075 237 3157 d)
260 3073 372 3149 obiter
392 3073 504 3164 egitur
527 3071 565 3146 de
587 3039 710 3164 triplici
733 3071 1006 3164 dispensationum
1029 3071 1140 3166 torma,
1163 3091 1275 3166 nempe

439 3179 599 3271 gratiose,
623 3179 846 3253 commissario
867 3179 904 3254 at
925 3179 1044 3255 mixta.

240 3418 304 3487 36.
337 3415 507 3515 Superest
537 3411 574 3488 4⁰
602 3422 642 3488 ut
679 3409 934 3512 investigemus
961 3437 1033 3516 qua
1066 3414 1327 3518 sormaconce-

159 3529 276 3608 denda
305 3532 352 3610 sit
380 3532 552 3610 eiusmodi
573 3531 806 3637 dispensatio,
835 3557 941 3636 quam
960 3535 1072 3614 attrix
1093 3535 1200 3614 titulo
1218 3535 1324 3614 otiam

160 3655 319 3736 iustitiae
347 3656 532 3759 efflagitat.
565 3653 753 3760 Rescripta
774 3657 910 3759 gratiae
925 3657 1027 3742 ‚fiunt
1057 3661 1094 3737 in
1120 3660 1241 3764 forma
1269 3660 1325 3738 vel

158 3779 333 3881 pretiose,
353 3781 410 3858 vel
429 3780 691 3866 commissario,
711 3779 765 3858 vel
785 3779 916 3858 mista.
940 3783 1139 3887 Rescriptis
1153 3783 1190 3860 in
1204 3783 1325 3886 forma

157 3901 318 4001 pretiosa
336 3924 496 3977 summus
515 3899 677 3978 Pontifex
695 3923 761 4002 ‘per
780 3898 936 4003 seipsum
956 3901 1107 4004 gratiam
1122 3901 1325 3980 immediate

156 4023 334 4118 concedit,
373 4023 463 4128 quin
491 4024 578 4102 haec
606 4049 626 4100 a
654 4023 822 4128 quopiam
851 4025 1027 4104 retardari
1055 4026 1182 4130 possit.
1205 4071 1229 4086 -
1250 4029 1326 4104 Ro-

152 4146 302 4252 scriptis
328 4147 365 4224 in
383 4148 503 4251 forma
530 4146 777 4226 commissario
805 4148 968 4227 Pontifex
998 4175 1068 4228 non
1088 4152 1323 4256 perseipsum

159 4271 310 4372 gratiam
334 4271 501 4374 largitur,
534 4271 596 4350 sed
629 4271 819 4349 committit
855 4297 918 4350 seu
937 4273 1146 4353 mandatum
1167 4273 1229 4353 dat
1258 4279 1325 4352 Or-

157 4393 321 4487 dinariis‚
350 4408 391 4472 ut
419 4419 511 4489 eam,
542 4395 638 4473 siin
666 4394 814 4472 Domino
841 4395 1007 4500 expedire
1045 4397 1313 4494 iudicaverint,
1449 4487 1453 4496 ,
