3406 5302
804 505 842 522 -
861 473 921 538 soa
941 503 978 521 -

390 597 506 678 Missis
532 597 711 706 pluribus,
742 625 835 706 quae
854 598 932 680 fuse
951 601 1163 682 Canonistae
1178 601 1222 682 de
1241 605 1471 691 iureiurando

310 723 493 804 disserunt
524 723 599 829 (l),
636 725 770 831 quippe
804 749 896 831 quae
924 726 962 806 in
995 727 1112 806 causis
1149 731 1470 815 matrimonialibus

311 873 391 927 raro
419 849 532 928 locum
561 848 710 945 habent,
740 875 854 955 pauca
883 849 941 930 hic
968 850 1167 932 adiicienda
1187 855 1358 951 sunthis,
1379 885 1472 966 quae

310 995 418 1079 supra
446 973 490 1053 de
510 973 653 1053 testium
671 977 879 1079 praesertim
900 974 1098 1056 iuramento
1116 979 1185 1058 iam
1206 981 1467 1064 adnotavimus.

388 1099 578 1178 Maximum
606 1098 907 1204 expediendarum
927 1099 1042 1178 litium
1057 1099 1311 1184 subsidiarium
1330 1131 1371 1186 ac
1385 1129 1472 1216 sup-

310 1225 497 1329 pletorium
525 1223 613 1325 legis
642 1223 836 1303 remedium
864 1237 919 1306 est
946 1226 1207 1307 iusiurandum.

289 1447 290 1452 p
387 1351 567 1431 Dividitur
587 1351 624 1428 in
642 1349 873 1430 assertor-ium
891 1365 928 1432 et
938 1351 1225 1458 promissorium,
1246 1371 1352 1463 prout
1370 1363 1468 1439 Deus

310 1489 455 1556 vocatur
483 1478 520 1554 in
548 1488 673 1555 testem
706 1489 863 1564 assertae
900 1501 963 1558 seu
990 1491 1141 1582 negatae
1161 1481 1346 1580 veritatis;
1368 1527 1393 1544 -
1411 1483 1467 1562 vel

310 1601 500 1680 intestam
528 1600 623 1704 quod
652 1599 785 1680 babeat
816 1601 897 1707 quis
924 1601 1143 1682 voluntatem
1175 1603 1345 1711 implendi
1372 1605 1466 1712 quod

309 1727 474 1833 spondet.

386 1857 585 1960 Utrumque
605 1856 729 1934 Primo
756 1853 812 1933 vel
841 1851 991 1933 solemne
1009 1868 1077 1950 est,
1101 1853 1156 1933 vel
1175 1851 1343 1960 simplae,
1363 1869 1468 1962 prout

309 1981 349 2060 lit
375 1976 590 2086 quibusdam
618 1977 790 2058 adhibitis
809 1979 1046 2074 caerimonia,
1069 1991 1105 2058 et
1123 2003 1238 2058 coram
1267 1979 1384 2059 iudice
1405 1993 1467 2059 aut

307 2105 462 2208 legitimo
489 2103 693 2210 superiore3
711 2147 735 2164 -
753 2104 810 2182 vel
829 2128 913 2182 non.
933 2143 956 2164 -·
972 2102 1052 2181 Dixi
1071 2102 1238 2182 adhibitis
1257 2103 1467 2212 quidusdam

306 2227 547 2316 caerimoniis,
562 2242 649 2334 puta
670 2241 766 2307 certa
785 2227 972 2308 verborum
992 2227 1156 2324 formula,
1170 2239 1307 2308 attactu
1326 2242 1467 2309 sancto-

308 2375 386 2432 rum
414 2349 701 2456 Evangeliorum,
732 2349 847 2432 crucis
875 2365 948 2432 etc.
980 2365 1017 2432 et
1044 2351 1262 2432 adhibentur
1293 2351 1464 2432 eiusmodi

306 2477 554 2573 caerimoniae,
575 2489 617 2556 ut
635 2477 747 2555 maior
769 2477 968 2557 iuramento
995 2477 1219 2574 deliberatio,
1248 2481 1461 2574 reverentia,

306 2605 423 2698 timor,
454 2601 587 2682 firmior
614 2601 816 2682 observatio
844 2601 1066 2684 concilietur.

384 2726 556 2814 Secundo,
585 2739 790 2832 utrumque,
821 2725 1048 2806 assertorium
1082 2753 1208 2834 nempe
1245 2741 1282 2808 et
1316 2731 1466 2834 promis·

304 2854 437 2933 sorium
464 2855 715 2944 iuramentum,
745 2851 877 2932 dicitur
904 2851 1177 2940 coemeterium,
1205 2852 1235 2931 si
1263 2849 1325 2931 fiat
1344 2853 1465 2933 addita

304 2979 367 3058 Dei
396 2977 611 3058 invocationi
639 2978 759 3082 aliqua
788 2978 1026 3075 execratione,
1062 2977 1196 3057 scilicet
1228 2977 1312 3058 dum
1341 2979 1464 3059 iurans

305 3103 374 3182 sibi
402 3103 469 3208 ipsi
497 3103 553 3182 vel
582 3101 699 3196 alteri,
730 3127 836 3206 quern
863 3101 994 3206 diligit,
1025 3130 1046 3180 a
1073 3105 1146 3182 Deo
1173 3115 1343 3209 tanquam
1368 3103 1465 3182 lalsi-

305 3227 389 3307 tatis
417 3227 571 3322 vindice,
602 3227 734 3306 malum
763 3227 978 3333 imprecatur
1005 3228 1041 3304 ni
1069 3253 1153 3306 vera
1172 3227 1219 3307 sit
1234 3228 1382 3308 assertio
1401 3242 1464 3309 aut

303 3353 502 3457 promissio.
534 3351 591 3430 Sic
617 3349 647 3430 si
675 3351 756 3458 quis
784 3351 880 3431 dicat
907 3375 939 3430 c.
965 3375 1017 3454 gr.
1036 3353 1198 3430 Deusme
1218 3351 1363 3430 lulmine
1383 3363 1464 3431 tau·

304 3488 383 3578 gat3
414 3475 471 3555 rel
498 3488 540 3554 ut
566 3499 641 3556 mos
668 3487 722 3554 est
750 3475 891 3554 iurandi
918 3475 1073 3554 usitatus
1101 3477 1138 3554 in
1166 3475 1243 3554 iure
1259 3489 1294 3555 et
1313 3475 1387 3554 loro
1404 3499 1463 3554 eo·

303 3599 514 3696 clesiastico,
546 3611 651 3706 prout
680 3599 833 3678 habetur
860 3601 898 3678 in
925 3597 1094 3680 decretali
1121 3602 1278 3706 Gregorii
1307 3605 1361 3681 Ill
1380 3615 1460 3708 post

303 3737 438 3830 septem
466 3725 641 3830 capitula:
674 3724 732 3802 Sic
760 3731 852 3803 Deus
889 3749 943 3803 mc
978 3723 1139 3811 adiuuet,
1168 3735 1201 3804 et
1228 3725 1311 3804 ltcec
1338 3735 1461 3804 abacto

303 3849 487 3955 eooupelio
515 3850 594 3956 (2);
616 3863 693 3929 -et
720 3848 846 3928 similis
873 3863 951 3929 crat
977 3849 1059 3928 olim
1097 3849 1192 3956 apud
1220 3849 1365 3930 iudaeos
1392 3849 1463 3930 lor·

303 3975 421 4054 mula:
452 3981 544 4054 llaec
571 3975 687 4079 faciut
712 3973 801 4054 milti
829 3979 937 4062 Deus,
967 3985 1000 4052 ct
1027 3973 1109 4053 boec
1137 3975 1262 4063 addet,
1291 3975 1361 4056 nisi
1388 3989 1457 4056 etc.

383 4101 498 4180 Tertio
526 4099 611 4181 item
638 4111 830 4204 utrumque
858 4097 1031 4178 dividitur
1058 4101 1096 4177 in
1123 4099 1308 4188 iudiciale,
1324 4101 1379 4180 vel
1399 4127 1461 4180 ea·—

304 4224 547 4306 troiudiciclc.
590 4223 760 4303 ludiciale
797 4248 1046 4329 nuncupamus
1079 4225 1176 4330 quod
1213 4226 1357 4305 iubente
1393 4239 1456 4305 aut

375 4419 411 4492 ll)
430 4421 463 4476 In
485 4418 672 4477 becretalium
694 4415 745 4476 lib.
767 4425 794 4478 2.
814 4417 861 4477 ttt.
881 4423 927 4478 2⁴.

372 4507 408 4580 (2)
427 4509 494 4582 Cap.
512 4509 573 4582 noo
591 4511 626 4568 Ν.
645 4507 799 4583 ltptuaopoa
817 4514 843 4578 t,
864 4509 899 4568 dc
916 4507 1126 4569 memorando.
