3446 5298
659 405 835 468 -tlu-

155 527 329 604 Quarsno.
356 526 409 593 An
433 525 702 596 matrimonium
727 527 763 596 in
783 530 941 598 themate
966 531 1104 599 nullum
1128 537 1236 622 atque

288 635 431 706 irritum
455 635 504 704 sit
527 635 572 703 ob
588 642 764 706 assertum
788 638 1110 726 consanguinitatis
1130 639 1236 730 impe-

291 741 517 812 dimentum.
570 794 576 807 .
628 794 635 807 .
683 747 687 762 '
690 792 1109 813 ........
1148 767 1233 837 pay.
1263 754 1331 816 282

248 859 279 932 5.
310 856 338 918 t.
365 849 455 932 Quid
479 850 516 918 in
545 851 622 920 iure
651 851 693 920 de
725 852 947 939 cognationis
977 854 1152 924 naturalis
1174 856 1238 924 im-

291 956 496 1044 pedimento
510 994 1233 1030 .............
1276 965 1324 1034 ib.

247 1074 278 1146 5„
305 1071 335 1133 2.
363 1063 452 1146 Quid
478 1064 513 1132 in
539 1064 816 1149 tactoexprima
839 1066 1090 1154 probationum
1114 1069 1237 1154 classe,

293 1192 337 1240 ex
360 1171 621 1262 parochialibus
644 1191 769 1261 nempe
793 1167 972 1244 codicibus
996 1181 1169 1244 eruatur.
1220 1206 1236 1240 n
1264 1183 1330 1248 285

248 1287 279 1360 §-
306 1283 337 1346 3.
364 1281 544 1358 Quaenam
561 1275 647 1346 lides
671 1278 930 1366 parochialibus
951 1280 1053 1350 libris
1075 1282 1124 1350 sit
1143 1282 1239 1352 adbi-

290 1385 403 1454 benda
409 1433 1169 1454 ..............
1220 1395 1332 1458 »288

248 1501 279 1574 ς.
307 1498 338 1558 l.
365 1492 454 1572 Quid
478 1491 521 1560 ab
535 1492 648 1560 altero
662 1489 911 1580 probationum
935 1513 1074 1580 genere,
1100 1515 1145 1564 ex
1163 1501 1239 1564 ,tes-

293 1598 384 1667 tium
409 1619 533 1688 nempe
557 1597 838 1687 depositionibus
853 1596 1099 1668 conlirmetur:
1118 1599 1179 1670 ubi
1196 1601 1239 1669 de

293 1705 443 1774 testium
467 1704 644 1794 qualitate
667 1703 868 1787 disseritur,
885 1711 924 1773 at
940 1706 1095 1795 qualiter
1119 1707 1185 1776 boc
1201 1709 1239 1778 in

293 1834 419 1904 genere
442 1809 663 1902 probationis
684 1811 859 1898 deponere
874 1811 1051 1882 debeant.
1104 1867 1112 1880 .
1162 1867 1170 1882 .
1220 1821 1326 1884 „aar

250 1928 281 2002 5.
309 1927 340 1986 5.
367 1918 606 2008 Apostolicam
637 1915 940 2006 dispensationem
970 1919 1007 1988 in
1038 1941 1122 1990 casu
1145 1920 1238 1992 dele·

292 2027 380 2098 cisse
404 2025 608 2096 ostenditur
634 2074 1168 2095 ..........
1218 2057 1234 2092 n
1265 2033 1331 2098 293

161 2134 337 2202 Concuusro
341 2179 1168 2200 ...............
1217 2163 1233 2198 n
1264 2141 1327 2204 301

248 2241 464 2327 Responsum
479 2241 508 2304 S.
525 2241 560 2306 C.
580 2237 728 2306 Consilii
741 2237 783 2306 ad
797 2239 1018 2327 propositum
1030 2237 1188 2308 dubium.
1217 2269 1232 2302 n
1278 2240 1326 2308 ib.

162 2345 437 2412 blsccr'rarto
462 2345 629 2412 ruatis.
649 2347 734 2412 -lte
758 2343 978 2412 matrimonii
1002 2344 1171 2414 nullitate
1194 2366 1239 2414 cx

293 2449 518 2538 impotentia,
533 2470 575 2518 ac
590 2450 632 2518 de
645 2450 865 2520 matrimonii
889 2451 960 2520 rati
985 2472 1055 2521 non
1080 2473 1241 2523 eonsum-

293 2557 382 2625 mati
407 2555 693 2646 dispensatione.
747 2607 754 2622 .
805 2609 812 2622 .
865 2606 874 2623 .
923 2613 926 2620 ,
927 2607 1168 2626 .....
1219 2565 1334 2630 „302

161 2661 386 2730 dnuurnmrun
453 2715 1166 2732 .............
1218 2695 1234 2730 n
1280 2665 1332 2735 ib.

250 2767 419 2838 Actorum
443 2769 603 2858 synopsis
628 2820 1167 2838 ..........
1220 2799 1237 2835 n
1266 2775 1334 2840 303

205 2879 324 2943 Dubis.
397 2925 1050 2946 ............
1086 2896 1109 2943 “.
1160 2929 1167 2942 .
1219 2883 1334 2946 »316

162 2987 324 3064 Quarsrro
348 3007 460 3053 nnana.
487 2989 537 3054 De
560 2985 729 3056 nullitate
745 2985 964 3055 matrimonii
982 3007 1027 3056 ex
1043 2985 1160 3075 capite
1177 2986 1241 3053 im·

293 3093 478 3181 potentiae
509 3141 1169 3160 ............
1221 3121 1237 3156 n
1283 3091 1330 3160 ib.

249 3199 284 3285 α)
309 3204 490 3278 Quaenam
515 3199 727 3288 impotentia
749 3197 1016 3268 matrimonium
1032 3197 1190 3268 dirimat.
1219 3227 1235 3262 n
1280 3195 1329 3266 ib.

250 3307 281 3391 b)
309 3309 360 3372 Ex
376 3306 466 3374 actis
481 3305 694 3389 ostenditur,
712 3305 830 3374 virum
852 3305 1012 3374 laborare
1029 3304 1240 3394 impotentia

294 3412 455 3482 absoluta
469 3411 696 3482 antecedenti
713 3417 750 3480 et
767 3417 951 3500 perpetua,
964 3409 1056 3499 quod
1070 3412 1240 3478 canonica

155 3527 158 3534 '
294 3523 332 3586 et
348 3517 607 3606 medico-legali
626 3517 901 3607 iurisprudentia
918 3515 1171 3586 conlirmatur.
1222 3544 1238 3579 n
1266 3521 1332 3584 319

254 3622 283 3712 e)
311 3626 359 3716 lte
384 3623 551 3692 triennali
582 3623 800 3713 experientia
825 3621 1018 3710 peragenda
1050 3622 1106 3692 vel
1137 3621 1242 3690 omit·

299 3729 532 3820 tenda,prout
544 3730 650 3800 dubia
663 3731 720 3798 uel
737 3735 835 3798 certa
850 3729 957 3800 tuerit
975 3730 1197 3818 impotentia.
1224 3757 1241 3792 n
1268 3733 1334 3797 33t

166 3840 329 3919 Quaasrro
352 3859 509 3905 secunda.
537 3841 585 3906 De
614 3836 878 3926 dispensatione
911 3834 1133 3906 matrimonii
1167 3834 1239 3904 rati

298 3965 368 4014 non
392 3943 627 4013 consummati
634 3990 1175 4011 ..........
1223 3969 1240 4006 n
1268 3945 1334 4008 338

257 4053 293 4141 α)
319 4056 366 4121 lte
390 4051 518 4122 summi
543 4049 726 4120 Pontibeis
748 4053 932 4139 potestate
955 4046 1179 4137 dispensandi
1197 4047 1241 4116 ab

295 4157 548 4248 impedimento
561 4156 696 4226 vinculi
713 4155 931 4224 matrimonii
945 4155 1014 4224 rati
1028 4159 1065 4221 et
1078 4173 1149 4222 non
1161 4171 1243 4222 con-

298 4264 466 4336 summati
516 4288 1235 4335 .............
1264 4265 1330 4328 333

253 4373 284 4460 d)
309 4373 357 4439 De
375 4391 445 4438 non
461 4369 767 4438 consummatione
784 4367 1001 4436 matrimonii
1018 4364 1207 4456 probanda.
1219 4403 1241 4416 -
