3444 5302
858 432 993 496 -8..

346 559 439 636 lacta
467 556 512 636 ad
544 557 725 664 sponsalia
753 558 810 637 vel
842 559 951 638 etiam
982 561 1249 640 matrimonium
1287 558 1512 638 coronatione

346 681 600 763 celebrandum
627 681 776 786 iugandi
806 697 975 788 pergunt.

428 815 466 886 l.
499 805 747 886 Ecclesiastico
775 831 880 912 porro
907 808 1113 912 sponsalia,
1144 830 1238 912 quae
1266 805 1362 911 apud
1391 805 1516 884 Orien-

347 933 438 1011 tales
466 931 640 1036 cuiusque
668 932 761 1009 ritus
788 931 826 1008 in
856 930 990 1010 bonore
1017 945 1123 1027 sunt,
1155 930 1307 1036 scripto,
1337 927 1513 1009 Ecclesiae

347 1053 610 1149 benedictione,
643 1053 768 1132 annuli
797 1053 919 1150 arrha,
950 1055 1144 1160 osculoque
1174 1051 1362 1148 adhibitis,
1384 1077 1515 1158 poena-

345 1206 417 1286 que
445 1207 466 1258 a
494 1178 740 1259 resilientibus
777 1178 967 1260 subeunda
1000 1179 1184 1275 indicata,
1223 1179 1291 1260 boc
1323 1179 1396 1258 ritu
1423 1175 1514 1256 cele-

346 1305 454 1386 brant
481 1304 555 1410 (l).
587 1307 672 1382 Post
690 1302 834 1382 Missam
858 1303 1024 1384 sacerdos
1052 1303 1122 1383 riri
1147 1317 1184 1384 et
1203 1303 1362 1384 mulieris
1381 1315 1436 1382 ter
1454 1325 1515 1380 ca-

346 1428 422 1534 pita
450 1428 592 1530 signat,
632 1425 775 1560 illisque
806 1451 928 1506 cereos
960 1425 1072 1507 tradit
1103 1452 1295 1522 accensos,
1335 1425 1512 1530 variisque

346 1551 507 1631 recitatis
539 1548 707 1656 precibus
735 1549 782 1628 in
807 1550 1027 1655 Encbologio
1063 1575 1129 1630 seu
1165 1549 1303 1631 Rituali
1340 1548 1514 1656 praescri·

347 1675 420 1781 ptis
448 1673 532 1780 (2),
563 1673 658 1752 idem
685 1672 852 1758 sacerdos
879 1675 1037 1780 acceptis
1063 1674 1232 1770 annulis,
1263 1699 1412 1753 aureum
1438 1671 1514 1750 viro

346 1799 500 1904 primurn
527 1796 662 1893 tradit,
694 1810 771 1877 tum
799 1811 1008 1900 argenteum
1036 1797 1192 1878 mulieri.
1223 1802 1273 1878 llc
1300 1797 1377 1876 viro
1404 1795 1512 1875 dicit:

349 1922 635 2004 ‹Subarrbatur
672 1946 798 2002 servus
830 1923 895 2000 Dei
923 1925 969 2002 it.
999 1934 1145 2028 propter
1177 1922 1343 2002 ancillam
1374 1923 1438 2000 Ilei
1464 1923 1510 1998 N.

349 2077 367 2122 α
390 2047 428 2125 in
457 2046 600 2126 nomine
626 2045 745 2125 Patris
772 2059 810 2126 et
836 2045 917 2124 Filii
945 2060 982 2125 et
1009 2046 1165 2151 Spiritus
1183 2047 1322 2126 sancti:
1353 2056 1511 2124 nuncet

350 2200 368 2245 α
391 2193 531 2275 sempor
550 2181 586 2248 et
605 2168 643 2246 in
674 2167 796 2248 secula
828 2167 1028 2248 seculorum
1061 2194 1165 2248 amen
1183 2201 1217 2248 ».
1230 2168 1401 2248 -lleinde
1424 2167 1516 2246 dicit

348 2293 514 2372 mulieri:
553 2289 835 2372 «subarrhatur
868 2291 997 2371 ancilla
1025 2292 1090 2372 Dei
1118 2297 1163 2372 N.
1196 2305 1341 2398 propter
1373 2313 1515 2370 sertum

352 2415 461 2494 «Dei
487 2418 532 2496 N.
565 2413 603 2492 in
630 2413 773 2494 nomino
799 2414 919 2493 Patris
950 2428 986 2494 et
1012 2415 1094 2494 Filii
1122 2429 1158 2495 et
1185 2416 1342 2521 Spiritus
1371 2415 1512 2494 sancti:

352 2563 491 2618 ‹nunc
528 2550 564 2616 et
599 2560 776 2641 semper»
807 2537 882 2641 (3).
909 2541 1055 2616 -Haec
1087 2551 1208 2618 autem
1246 2539 1354 2618 rerba
1388 2551 1443 2618 ter
1469 2534 1515 2615 ad

349 2683 640 2764 unumquemque
668 2658 812 2764 repetit,
844 2683 984 2740 crucem
1007 2661 1258 2766 super'eorum
1285 2665 1403 2766 capita
1431 2658 1516 2738 iacit

349 2784 507 2880 annulis,
538 2808 629 2886 quos
649 2782 785 2864 dextris
813 2807 935 2862 eorum
963 2785 1085 2888 digitis
1113 2787 1254 2882 inserit,
1285 2800 1323 2866 et
1341 2787 1417 2865 viro
1434 2784 1516 2890 qui-

349 2906 429 2989 dem
447 2920 489 2987 nt
508 2905 663 3006 digniori
690 2929 853 3000 aureum,
885 2905 1037 2988 laminae
1066 2909 1177 2990 tradit
1196 2923 1427 3012 argenteum3
1458 2932 1516 2985 as-

348 3031 480 3110 sistens
507 3055 591 3109 vero
618 3029 911 3134 paranymphus,
952 3031 1083 3110 amoris
1119 3045 1156 3116 et
1187 3030 1396 3120 concordiae
1423 3030 1517 3110 inter

350 3178 500 3258 sponsos
527 3151 748 3246 conciliator,
779 3176 841 3231 eos
868 3167 1075 3250 commutat,
1108 3169 1145 3234 et
1171 3179 1324 3259 sponsae
1352 3177 1513 3247 aureum,

351 3300 483 3381 sponso
510 3286 720 3378 argenteum
756 3273 869 3355 tradit
896 3275 978 3383 (l):
1019 3302 1126 3382 quem
1158 3279 1268 3358 ritum
1300 3278 1397 3357 varie
1430 3275 1517 3356 scri·

355 3581 359 3587 .
421 3537 461 3612 (1)
480 3537 551 3596 vido
569 3538 709 3595 Antoinc:
733 3539 885 3612 Titcolopic
901 3540 1029 3600 moratis
1047 3555 1114 3600 com
1132 3541 1366 3600 adnotationibus
1396 3555 1424 3612 p.
1454 3538 1517 3597 Pbi·

350 3626 423 3699 iippi
435 3627 470 3684 de
480 3627 675 3690 Carboueano.
686 3633 757 3684 tom.
769 3631 796 3684 2·
808 3635 896 3686 tract.
910 3630 1088 3689 demolitos.
1101 3631 1232 3704 append.
1243 3633 1271 3699 2,
1281 3645 1373 3704 pepp.
1388 3629 1516 3696 est-358,

350 3715 417 3772 edit.
438 3713 642 3782 Romaoi‘183,
662 3715 711 3772 ubi
731 3715 789 3774 iere
808 3719 904 3775 omnia
923 3733 959 3776 eu
978 3719 1152 3792 Euobologio
1171 3719 1387 3777 exscribuntur.

420 3804 564 3870 Quaedam
582 3816 635 3874 pro
654 3804 764 3874 graccis
782 3805 879 3864 innuit
900 3813 929 3865 et
946 3809 1161 3880 Pupp-Saliigyi
1180 3809 1211 3866 in
1224 3811 1277 3878 Op.
1292 3809 1444 3879 inscripto:
1464 3808 1519 3862 litt

349 3891 500 3951 obiridioo
517 3891 599 3950 toro
616 3891 758 3952 natutae
775 3894 933 3952 orientalia
953 3898 1124 3966 catholicoe,
1145 3903 1228 3970 port.
1247 3903 1275 3954 2.
1295 3897 1345 3970 SS.
1365 3899 1402 3956 88
1418 3905 1447 3954 et
1472 3897 1518 3963 90,

348 3981 400 4040 nbi
419 3980 454 4038 de
473 3981 616 4050 ministro,
637 3981 756 4038 matoria
775 3989 803 4040 et
821 3981 911 4056 iorma
932 3985 1104 4043 sacramenti
1123 3985 1311 4052 matrimonii,
1331 4000 1364 4043 ac
1381 3983 1417 4042 de
1436 3997 1518 4057 spon·

349 4069 458 4126 salibus
478 4069 547 4140 agit.

420 4157 455 4229 (23
485 4157 555 4216 Vitio
582 4157 908 4222 attentabimus-om
936 4160 1115 4230 illustratum
1140 4175 1226 4234 opera
1252 4163 1283 4218 P.
1313 4160 1408 4223 iacobi
1435 4163 1517 4228 Goar,

348 4262 419 4320 pop.
439 4253 492 4305 tio
511 4255 536 4305 ct
553 4263 630 4321 sepo.
650 4247 720 4306 edit.
741 4251 840 4307 venet.
862 4250 911 4307 iol.
932 4267 979 4309 an.
1001 4253 1080 4309 1730.
1217 4252 1230 4289 ⁸

423 4335 457 4409 (3)
477 4337 560 4409 spuo
578 4339 660 4395 Goar.
681 4336 733 4394 loc.
750 4336 801 4396 cit.
817 4353 889 4412 pop.
907 4345 971 4398 tit.
1389 4379 1391 4386 ι

422 4426 461 4498 ll)
480 4427 548 4484 t'ide
567 4426 734 4498 Eucbologii
754 4428 890 4486 rubricas.
904 4459 938 4472 -
956 4434 1030 4488 Goor
1050 4431 1101 4488 loo.
1122 4429 1171 4488 cit.
1183 4445 1261 4502 pop.
1281 4435 1344 4488 tit.
