3444 5302
860 461 897 471 ..
915 432 956 486 ῃ
975 463 1009 472 ..

339 549 611 652 aeternaeque
644 543 739 629 olim
770 541 875 628 vitae
907 542 1131 630 hereditate
1158 545 1380 629 secundnm
1401 571 1512 656 spem

339 683 381 770 in
412 685 534 770 caelis
566 686 762 770 donanda.

433 827 585 913 Verum
615 826 818 912 neminem
849 825 963 930 latet,
995 827 1127 913 onmia
1148 855 1252 939 pene
1274 855 1517 916 evanescere

342 966 549 1052 christiani
569 968 840 1056 emolumenta
872 969 1059 1082 coniugii,
1082 969 1159 1054 nisi
1189 970 1371 1057 eiusdem
1405 981 1516 1060 sarta

341 1119 532 1221 tectaque
564 1111 644 1198 sint
674 1111 778 1216 iura,
802 1112 1006 1223 legesque
1038 1143 1066 1198 a
1093 1113 1184 1202 Deo
1203 1123 1246 1201 et
1265 1116 1446 1202 Ecclesia
1463 1120 1516 1206 de

344 1257 485 1340 eodem
516 1253 623 1340 latae
654 1254 844 1366 religiose
874 1261 1098 1342 serventur.

436 1399 582 1506 ltaque
612 1405 660 1482 ut
690 1398 909 1484 amicornm
943 1401 1196 1510 quorundam
1228 1401 1392 1490 consilio
1427 1429 1516 1492 mo·

342 1539 569 1648 rigemrer,
609 1547 656 1624 nt
701 1539 1065 1627 ceclesiasticorum
1105 1544 1341 1654 praesertim
1385 1547 1515 1634 tribu·

256 1781 261 1802 .
343 1681 496 1766 nalium
544 1683 750 1768 commodo
789 1684 1017 1784 studerem,
1062 1712 1111 1769 ec
1141 1685 1317 1796 denique
1357 1696 1404 1774 nt
1444 1717 1519 1776 no·

342 1830 519 1909 atrorum
549 1823 785 1934 praesertim
818 1832 1043 1934 temporum
1080 1827 1296 1930 errom'bus,
1337 1828 1406 1938 qui
1438 1833 1516 1916 sub

237 2053 243 2066 ,
344 1965 470 2052 civilis
499 1967 679 2076 tegmine
710 1967 955 2052 matrimonii
976 1973 1018 2052 et
1046 1967 1337 2054 concubinatus
1362 1971 1517 2084 flagitio

344 2115 608 2220 grassantur,
649 2107 868 2218 genuinam
915 2135 1158 2221 opponerem
1207 2111 1428 2196 doctrinam
1465 2114 1516 2197 de

346 2249 570 2361 coniugalis
586 2250 721 2337 valore
742 2249 915 2337 foederis
931 2251 971 2335 in
993 2250 1196 2361 plerisque
1218 2279 1353 2337 rerum
1375 2252 1517 2336 adiun-

347 2393 439 2497 ctis,
472 2401 513 2479 et
552 2403 753 2504 qnatenus
794 2393 903 2479 istud
937 2393 1314 2505 impedimentorum
1354 2394 1517 2507 legibus

348 2539 615 2648 gubernatur:
647 2537 864 2649 praecipua
895 2537 1081 2623 recensui
1117 2537 1376 2624 ecclesiastici
1407 2537 1518 2624 1udi-

345 2687 482 2767 menta
515 2679 627 2782 iuris,
660 2679 806 2790 quibus
838 2679 1056 2766 maximum
1089 2679 1285 2766 eiusmodi
1316 2681 1366 2766 de
1388 2677 1516 2791 iugali

346 2821 504 2908 vinculo
547 2825 667 2934 caput
710 2819 857 2906 clarius
896 2829 1188 2932 exponeretur,
1237 2825 1279 2908 et
1310 2821 1352 2910 in
1388 2848 1515 2904 unum

347 2963 514 3051 collecta
545 2964 587 3048 in
619 2969 807 3076 promptu
838 2963 1086 3050 haberentur
1113 2989 1216 3072 quae
1238 2963 1290 3046 ad
1311 2959 1518 3046 iudiciales

346 3135 449 3217 pene
482 3105 735 3215 quotidianas
767 3106 817 3192 de
850 3103 939 3188 initi
969 3102 1211 3190 matrimonii
1234 3101 1370 3190 valore
1392 3127 1519 3210 quae·

347 3247 497 3332 stiones
529 3246 605 3332 rite
637 3247 866 3331 tractandas
899 3253 1022 3356 atquo
1055 3245 1329 3340 absolvendas,
1352 3241 1435 3330 sive
1456 3233 1517 3326 di'·

345 3387 437 3474 vino
470 3387 552 3474 sive
584 3387 762 3473 hnmano
798 3388 1004 3476 Ecclesiae
1036 3389 1122 3476 iure
1159 3387 1357 3474 clamante
1395 3393 1518 3496 atque

348 3538 532 3642 cogente,
564 3533 760 3616 servanda
791 3537 899 3616 sunt.

440 3673 516 3756 His
549 3679 698 3775 autem,
729 3679 924 3781 tanquam
955 3671 1126 3758 traditae
1159 3671 1341 3781 exempla
1373 3669 1518 3756 doctri·

346 3841 423 3900 nae
456 3817 507 3898 ad
528 3813 752 3924 peculiares
775 3842 918 3900 causas
939 3816 1162 3917 traductae,
1177 3817 1372 3924 quasdam
1394 3812 1519 3898 adieci

346 3956 656 4066 disceptationes
689 3957 914 4062 canonicas,
936 3987 1038 4068 quas
1059 3965 1155 4044 tunc
1177 3955 1408 4042 elucubravi
1428 3983 1521 4041 eum

347 4127 371 4182 a
403 4126 517 4184 sacra
550 4098 718 4186 Consilii
748 4097 1076 4211 Congregatione
1109 4101 1392 4185 demandatum
1421 4097 1520 4184 mihi

346 4239 423 4325 luit
455 4239 685 4328 canonistas
717 4269 877 4346 manue,
910 4242 1028 4328 utin
1062 4241 1301 4352 quibusdam
1329 4241 1380 4326 de
1401 4239 1520 4330 inito-

347 4409 437 4466 rum
470 4381 657 4470 firmitate
688 4384 1033 4470 matrimoniorum
1055 4381 1369 4495 quaestionibus,
1391 4384 1521 4472 eidem
