3444 5302
644 547 682 562 ..
703 515 742 578 35
764 547 801 562 .-

223 635 343 718 Tertia
370 635 515 742 rapula:
537 641 579 716 ln
598 636 692 718 linea
713 647 919 718 transuersa
938 635 1135 744 inaequali,
1157 649 1210 716 tot
1229 661 1311 741 gra·

136 761 248 842 dibus
276 787 370 842 nnus
398 761 500 842 alteri
529 761 757 868 coniungitur
775 763 831 842 vel
850 761 896 842 ab
915 787 957 841 eo
976 761 1099 858 distat,
1121 773 1209 868 quot
1229 787 1311 865 gra-

140 883 249 964 dibus
276 911 296 962 a
325 884 500 980 communi
528 885 649 992 stipite
678 883 788 964 distat
807 888 838 964 is
857 885 920 990 qui
947 898 1002 966 est
1030 885 1196 964 remotior
1224 883 1304 992 (1);

138 1035 220 1104 seu,
252 1023 305 1089 tot
333 1021 417 1088 sunt
446 1008 592 1114 gradus,
623 1023 710 1114 quot
738 1034 910 1116 personae
930 1011 1082 1116 inparte
1103 1009 1305 1106 remotiore,

144 1157 282 1240 semper
310 1131 432 1238 stipite
460 1131 604 1238 dempto
631 1131 705 1238 (2).

226 1265 264 1334 i.
299 1259 342 1334 In
370 1253 541 1358 gradihus
577 1253 808 1336 numerandis
841 1267 958 1336 rectae
993 1255 1108 1336 lineae
1142 1270 1217 1336 turn
1254 1257 1310 1336 ias

145 1383 353 1462 canonicum
391 1395 467 1460 tum
499 1380 602 1476 civile
635 1377 784 1460 eandem
812 1393 935 1459 tenent
973 1379 1146 1484 regulam,
1183 1405 1311 1486 nempe

139 1519 313 1614 praerato
337 1531 490 1612 persana
516 1503 671 1609 prodam
699 1503 826 1584 adiicit
855 1504 930 1612 (3),
961 1505 1036 1586 sive
1056 1511 1110 1586 t'ot
1128 1517 1214 1584 sunt
1233 1531 1314 1610 gra-

144 1631 240 1728 dos,·
258 1645 346 1736 quot
374 1654 560 1736 personae,
593 1627 736 1734 dempto
755 1629 892 1734 stipite.
916 1674 942 1725 -‚
960 1636 1005 1708 nt
1024 1629 1062 1708 in
1081 1629 1311 1710 numerandis

142 1755 317 1861 gradibus
345 1752 465 1832 lineae
494 1763 734 1840 transversae,
764 1751 833 1830 alia
854 1765 907 1832 est
928 1753 1016 1831 iuris
1036 1752 1163 1848 civilis,
1186 1766 1223 1832 et
1242 1752 1312 1831 alia

141 1879 307 1960 canonici
335 1875 424 1956 iuris
462 1875 567 1955 ratio.
599 1879 688 1954 Nam
717 1873 773 1954 ius
801 1875 904 1955 civile
932 1874 1078 1956 subiicit
1106 1875 1231 1954 iisdem
1259 1875 1312 1955 le·

146 1999 251 2106 gibus
279 2013 316 2080 et
343 2011 475 2078 rectam
504 2011 541 2078 et
568 2012 807 2078 transversam
840 1997 994 2095 lineam;
1025 2011 1062 2078 et
1089 1997 1168 2078 ideo
1190 1998 1314 2078 lateris

146 2127 337 2231 utriusque
354 2125 601 2226 generationes
621 2136 797 2204 numerat.
820 2127 918 2202 Haeo
932 2123 1064 2227 gradus
1083 2124 1313 2232 computandi

147 2249 241 2330 ratio
269 2247 387 2328 adhuc
414 2273 482 2326 usu
510 2247 605 2350 viget
634 2247 671 2326 in
699 2245 856 2328 Ecclesia
883 2247 1052 2327 orientali
1080 2249 1153 2356 (t);
1172 2263 1208 2329 et
1235 2249 1315 2330 ideo

149 2371 248 2480 apud
276 2397 352 2452 earn
382 2369 510 2450 iratres
538 2383 574 2449 et
601 2395 753 2468 sorores,
785 2396 866 2450 cum
902 2369 994 2450 duae
1023 2371 1096 2452 sint
1124 2397 1311 2478 personae,

148 2498 190 2574 in
217 2495 373 2575 secundo
402 2492 514 2598 gradu
544 2519 621 2574 esse
650 2492 833 2590 dicuntur,
857 2495 1036 2600 patrueles
1055 2509 1091 2574 et
1110 2494 1313 2576 consobrini

149 2620 189 2698 in
217 2617 329 2724 gradu
357 2630 499 2723 quarto,
522 2617 656 2696 sobrini
680 2619 717 2697 in
737 2617 849 2722 gradu
870 2633 985 2716 serto,
1008 2619 1232 2700 sobrinarum
1252 2619 1313 2698 filii

150 2745 190 2820 in
218 2741 330 2846 gradu
368 2755 505 2822 octavo.
537 2745 580 2820 In
612 2741 706 2822 linea
736 2754 856 2821 eutem
893 2756 1096 2824 transversa
1133 2742 1317 2850 inaequali

149 2875 304 2970 patruus
332 2886 373 2942 aa
408 2886 519 2968 nepos
547 2887 591 2940 en
619 2861 727 2942 iratre
756 2875 842 2942 sont
870 2862 907 2942 in
935 2864 1041 2944 tertio
1075 2864 1201 2968 gradu,
1231 2867 1317 2972 quia

150 3001 226 3068 tres
252 3011 425 3094 personae
439 2999 476 3066 et
496 2997 569 3064 tres
597 2987 844 3089 generationes
863 2985 1026 3066 diversae
1054 2987 1313 3082 intercurrunt,

149 3124 190 3190 et
209 3109 259 3188 sia
278 3109 460 3214 deinceps.
476 3153 499 3168 -
511 3113 556 3187 At
575 3133 657 3188 vero
677 3109 777 3190 iuxta
797 3110 1002 3189 canonicam
1021 3113 1318 3215 computationem

146 3233 281 3314 'iratres
309 3247 345 3314 et
372 3257 510 3314 sorores
530 3245 615 3313 sunt
634 3233 671 3312 in
686 3229 799 3340 primo
819 3233 946 3338 gradu,
969 3235 1151 3342 patrueles
1179 3249 1215 3314 et
1234 3261 1320 3316 oon-

141 3359 288 3440 sobrini
315 3359 353 3438 in
371 3357 551 3454 secundo;
579 3359 663 3438 item
681 3373 833 3464 patruus
853 3385 895 3439 aa
912 3385 1024 3466 nepos
1042 3385 1085 3439 ex
1106 3360 1216 3440 iratre
1235 3374 1320 3440 sunt

147 3485 190 3562 in
219 3480 374 3561 secando
401 3480 721 3584 consanguinitatis
741 3481 854 3584 gradu
868 3482 1067 3587 attingente
1095 3483 1266 3590 primnm3
1285 3497 1321 3563 et

151 3602 204 3682 sic
232 3599 277 3680 de
314 3603 456 3682 ceteris.
497 3603 707 3680 Canonioam
742 3605 1179 3708 porrocomputationem
1210 3603 1321 3682 latina

151 3739 254 3804 tenet
281 3724 440 3804 Ecclesia
468 3726 637 3804 etiamen
658 3728 937 3832 praescriptione
965 3727 1157 3808 Alexandri
1185 3731 1236 3822 ΙΙ,
1258 3725 1321 3832 qai

150 3875 233 3929 eam
260 3849 395 3928 iamdiu
423 3848 459 3927 in
488 3848 762 3930 ecclesiasticam
791 3849 1015 3956 disciplinam
1044 3851 1322 3956 invectamsnp·

228 3997 263 4069 tlt
284 3999 436 4068 assumpta
454 4003 498 4054 est
516 3997 585 4054 haec
605 3997 702 4068 regala
721 4013 755 4054 ar
776 4013 837 4070 cap.
858 4001 911 4069 tta.
931 4007 956 4058 9.
978 4001 1013 4058 de
1038 4001 1318 4074 romaaaainitates

149 4101 230 4160 qnae
248 4095 293 4144 est
311 4086 461 4144 decretatis
480 4087 605 4158 Gregorii
626 4088 673 4143 nr.

232 4174 269 4246 lu)
288 4175 373 4234 Plura
388 4190 424 4233 ex
443 4175 536 4234 tribus
549 4175 627 4232 hisce
643 4175 750 4247 regulis
762 4175 892 4247 exempta
913 4177 1053 4247 graduum
1068 4176 1325 4249 consanguinitatis

152 4263 299 4320 habentur
319 4263 427 4334 passim
448 4263 525 4334 apnrl
544 4263 690 4334 theologos
709 4270 735 4320 et
754 4263 944 4335 iurisperitos.
965 4265 1013 4323 Cir
1030 4266 1078 4323 eit.
1107 4270 1165 4322 ΛΑ.

227 4349 266 4424 (3)
286 4350 317 4422 S.
338 4357 368 4408 7.
388 4353 461 4410 laet.
483 4355 520 4410 De
537 4351 659 4423 aradii.
679 4357 794 4424 manat.

229 4437 265 4510 (4)
279 4439 507 4513 Pappszil'agyi:
525 4439 721 4498 Euaniridion
732 4439 814 4498 iaris
828 4439 965 4498 Ecclesiae
979 4441 1136 4500 orientalis
1148 4441 1326 4510 catholicae,

148 4533 239 4602 part.
260 4532 286 4584 2.
307 4527 339 4600 S.
360 4531 422 4586 loa.
