3406 5302
645 525 683 542 ....
703 495 759 558 281
783 525 820 541 ..-

156 643 221 698 nes
248 588 444 697 delensoris
471 645 515 698 er
544 621 658 700 offioio
695 633 731 700 et
757 621 973 700 sententiam
1001 619 1130 700 iudiois
1149 621 1319 725 delegati,

157 767 199 820 ae
226 743 373 846 insuper
393 755 513 822 rutum
533 744 804 824 extraiudioiale
829 741 993 828 eiusdem
1007 741 1218 839 delensoris,
1241 745 1320 850 qui,

158 869 256 949 salvo
284 869 361 946 iure
389 881 425 947 et
452 869 645 974 apostolioo
665 869 904 974 beneplacito,
927 868 1092 974 Hpisuopi
1113 868 1327 974 postulatio-

156 993 265 1072 nibus
292 1017 424 1072 morem
457 994 561 1096 gerit.
594 992 802 1072 Postulabat
827 1006 949 1072 autem
978 993 1191 1100 Episcopus,
1212 993 1327 1098 pluri-

160 1115 228 1196 bus
257 1116 375 1194 allatis
405 1140 474 1194 nou
503 1116 590 1194 levis
618 1125 785 1196 momenti
810 1115 1024 1209 rationibus,
1056 1129 1097 1194 nt
1126 1119 1172 1194 H.
1206 1119 1243 1194 S.
1276 1118 1320 1193 0.

158 1239 343 1319 consulere
371 1239 478 1318 vellet
497 1241 603 1318 SSriro
630 1263 694 1345 pro
722 1237 950 1343 derogatione
979 1241 1041 1318 eit.
1063 1243 1184 1318 Const.
1209 1241 1325 1316 Bene-

112 1386 125 1419 *
159 1364 315 1443 diutinae
344 1363 381 1442 in
408 1387 450 1442 ea
478 1377 594 1470 parte,
632 1389 703 1468 qua
744 1363 947 1443 huiusmodi
984 1389 1111 1442 oausas
1145 1363 1182 1442 in
1211 1362 1324 1466 gradu

160 1487 410 1594 appellationis
438 1487 700 1590 cognoscendas
728 1513 768 1567 ao
797 1485 1014 1569 dirimendas
1042 1513 1120 1568 esse
1148 1491 1324 1595 praesori-

161 1612 213 1692 bit
241 1613 324 1716 (ἓξ.
345 1613 479 1714 8-10),
502 1637 543 1690 ae
563 1613 637 1690 viro
655 1615 917 1717 permitterent
936 1611 981 1690 ad
999 1611 1069 1690 alia
1089 1626 1171 1691 vota
1191 1611 1323 1692 transi-

163 1761 199 1814 re
241 1736 390 1830 valeret,
431 1759 502 1814 non
530 1735 695 1814 obstante
724 1735 882 1816 eiusdem
910 1736 1183 1816 Constitutionis
1215 1739 1327 1816 inter·

162 1859 257 1939 dioto
272 1857 444 1964 quamdiu
463 1858 617 1964 pendeat
632 1858 824 1964 appellatio
844 1859 992 1966 aprima
1007 1861 1185 1940 sententia
1201 1860 1321 1968 (§.6).

163 1987 281 2062 Hatns
309 1983 505 2088 Episcopus
533 1982 682 2084 gratiam
710 1982 952 2086 derogationis
979 1983 1017 2061 in
1045 2007 1130 2062 easu
1158 2009 1230 2062 non
1263 1983 1328 2062 de-

163 2118 333 2207 negatum
361 2105 419 2199 iri,
450 2105 668 2210 superfluum
697 2105 770 2185 lore
790 2107 945 2212 putavit,
968 2109 1142 2210 integram
1167 2093 1326 2187 a'otorum

163 2229 289 2308 seriem
318 2229 388 2306 hue
435 2228 601 2332 allegare.
633 2234 730 2319 Quae
757 2244 876 2310 tamen
913 2230 958 2310 ad
996 2235 1041 2310 H.
1075 2236 1111 2310 S.
1143 2236 1180 2310 C.
1212 2232 1322 2328 misit,

164 2353 253 2430 satis
280 2373 357 2430 esse
385 2351 625 2431 videaturad
654 2352 824 2433 iudieinm
852 2355 889 2432 in
916 2377 1024 2434 eausa
1052 2353 1249 2434 lerendnm.
1281 2361 1327 2436 lt

164 2501 248 2556 vero
275 2474 463 2556 diiudicari
491 2477 616 2580 nequit
643 2491 763 2556 utrum
791 2475 972 2556 iudiaialia
1001 2491 1081 2556 aeta
1110 2477 1243 2558 luerint
1259 2481 1327 2559 rita

164 2601 268 2694 inita,
308 2613 526 2704 prosequuta
563 2614 601 2679 et
633 2599 797 2680 absoluta
834 2600 879 2680 ad
916 2603 1077 2682 tramites
1113 2602 1328 2681 Instructiu-

163 2725 219 2801 nis
247 2727 295 2802 H.
326 2728 362 2801 S.
395 2726 438 2801 0.
461 2724 566 2802 datae
595 2722 652 2802 die
680 2733 729 2803 22
759 2727 902 2827 augusti
934 2734 1033 2806 1840
1063 2725 1137 2832 (l),
1168 2741 1205 2806 et
1224 2753 1330 2832 prae·

164 2847 285 2927 sertim
305 2846 423 2952 quoad
455 2848 534 2926 illus
567 2849 823 2944 solemnitates,
846 2876 938 2955 quae
973 2851 1008 2928 vi
1041 2851 1170 2930 oitatae
1190 2853 1330 2931 Consti-

166 2971 316 3050 tutionis
331 2973 387 3076 (ἓ.
408 2980 445 3050 7.
468 3017 493 3032 -
513 2973 569 3050 Cir
592 2972 653 3051 eit.
674 2971 867 3077 instruet.)
886 2973 930 3050 ad
947 2973 1149 3052 eorumdem
1164 2987 1323 3054 aetorum

163 3094 384 3174 validitatem
412 3095 557 3174 omnino
584 3085 831 3200 requiruntur.

243 3226 281 3297 7.
304 3223 389 3298 Cum
406 3245 508 3324 porro
523 3243 645 3324 preees
664 3217 822 3297 eiusdem
842 3220 1023 3299 antistitis
1042 3220 1181 3300 delatae
1192 3219 1326 3302 luerint

164 3369 228 3450 pro
255 3357 337 3423 roto
365 3343 541 3422 delensori
570 3343 782 3422 matrimonii
811 3367 854 3420 en
883 3341 997 3422 offieio
1025 3344 1121 3450 apud
1149 3349 1195 3424 H.
1226 3349 1263 3424 S.
1286 3351 1325 3426 C.

164 3468 386 3562 constituto,
427 3467 485 3545 hio
525 3491 626 3545 snam
662 3467 862 3571 opinionem
901 3467 944 3545 iis
972 3469 1115 3546 omnino
1144 3468 1329 3548 adversam

166 3593 204 3669 in
233 3590 385 3668 medium
414 3589 576 3694 protulit.
608 3591 746 3680 onibus
781 3591 904 3696 itaque
941 3589 1136 3686 frustratis,
1168 3617 1248 3670 oum
1285 3592 1329 3671 de

166 3715 403 3821 pauperrimis
423 3715 584 3820 personis
603 3725 783 3816 ageretur,
802 3739 858 3792 res
874 3713 918 3791 ad
938 3737 969 3790 a.
988 3713 1192 3792 Pontilieem
1213 3713 1332 3794 delata

167 3853 235 3934 est,
268 3841 329 3944 qui
358 3839 395 3916 in
424 3837 607 3916 audientia
636 3835 707 3914 diei
737 3846 782 3915 nt
816 3835 892 3914 iulii
931 3861 990 3914 an.
1034 3847 1132 3917 1873
1178 3837 1332 3940 benigne

167 3961 352 4040 mandarit
380 3974 421 4040 ut
448 3985 556 4038 eausa
584 3971 844 4065 proponeretur
871 3983 987 4036 eoram
1016 3963 1063 4038 H.
1095 3965 1133 4039 S.
1165 3964 1208 4038 0.
1232 3985 1335 4040 oeoo·

168 4085 303 4164 nomine
330 4107 412 4163 eum
440 4097 521 4162 voto
550 4083 704 4185 theologi
733 4093 768 4160 et
796 4081 1002 4162 eanonistae
1039 4098 1076 4162 et
1109 4083 1334 4163 animadver-

168 4207 330 4287 sionibus
358 4208 555 4287 delensoris
595 4205 809 4285 matrimonii
843 4230 887 4283 en
924 4206 1052 4286 officio.
1077 4251 1102 4268 -
1120 4207 1333 4288 Canonistae

171 4331 364 4410 honorifico
391 4357 537 4411 munere
565 4356 609 4410 ex
629 4329 851 4408 humanitate
880 4331 926 4405 R.
950 4333 990 4408 P.
1014 4335 1056 4410 l).
1079 4357 1200 4412 saurae
1221 4333 1330 4412 huius

241 4482 277 4555 ll)
296 4483 345 4540 eir
363 4478 530 4539 huiusmodi
549 4478 769 4538 instructionem
788 4477 819 4534 in
838 4477 996 4550 appendice
1012 4481 1040 4537 2.
