3446 5298
657 508 693 522 -
714 475 772 538 385
795 507 832 522 -

241 602 375 682 Deinde
403 599 665 707 procedendum
693 601 761 680 erit
790 599 832 678 ad
863 623 1014 678 examen
1051 601 1222 706 septimae
1250 625 1329 678 mc-

165 753 242 815 cos,
271 727 338 806 boc
366 741 421 806 est
450 739 586 831 septem
605 724 885 830 propinquorum
904 749 948 804 ex
968 737 1121 829 utroque
1148 723 1261 803 latare
1281 723 1327 803 ad

164 853 307 932 iormam
349 865 440 931 text.
486 851 544 952 (in
581 874 660 952 cap.
706 847 847 926 litterae
883 862 1048 936 vestroe,
1086 849 1253 954 defriq.
1293 861 1326 927 et

163 975 317 1080 mules).
341 977 389 1054 Ut
408 973 444 1051 id
465 973 606 1052 [acilius
625 971 754 1076 exequi
773 971 887 1051 Iudex
906 973 1040 1068 valeat,
1062 972 1233 1052 Defensor
1251 999 1327 1050 ma-

164 1098 316 1178 trimonii
345 1096 471 1176 citabit
501 1111 639 1200 partem
667 1097 849 1191 actricem,
880 1109 922 1175 ut
938 1095 1071 1175 indicet
1099 1109 1236 1201 septem
1256 1095 1324 1174 sihi

161 1223 334 1326 sanguine
363 1221 419 1300 vel
455 1219 635 1300 affinitate
668 1219 907 1314 coniunctae,
939 1222 969 1298 si
997 1219 1075 1298 fieri
1109 1219 1237 1326 possit,
1268 1221 1325 1300 sin

163 1347 276 1426 minus
304 1358 441 1451 septem
461 1343 596 1422 vicinos
615 1343 728 1422 honae
748 1342 876 1421 famae.
906 1343 1058 1446 Singuli,
1081 1343 1204 1424 audita
1224 1344 1326 1448 prius

161 1469 294 1550 lectura
323 1468 511 1562 examinis,
542 1492 606 1546 scu
635 1467 866 1545 confessionis
893 1467 1054 1569 coniugis
1073 1492 1133 1547 eos
1151 1467 1327 1546 inducen-

161 1595 219 1689 tis,
251 1607 357 1672 erunt
386 1589 646 1694 interrogandi,
679 1605 799 1670 utrum
829 1604 1051 1696 perspectam
1080 1591 1239 1670 habeant
1267 1617 1325 1671 re-

160 1717 324 1820 ligionem
353 1727 389 1794 ct
418 1715 643 1794 honestatem
664 1714 759 1792 illius
778 1715 954 1817 coniugis,
978 1728 1019 1794 ut
1049 1728 1237 1820 propterea
1255 1714 1325 1794 sihi

163 1837 357 1919 verosimile
394 1839 456 1934 sit,
489 1863 530 1916 ac
561 1837 709 1916 credant
738 1863 818 1916 eum
853 1863 936 1916 vera
970 1836 1119 1918 dixisse.
1155 1838 1326 1918 Similiter

123 2033 130 2050 ,
160 1964 316 2041 instante
344 1960 536 2040 Defensore
563 1961 778 2039 matrimonii
794 1960 960 2040 citandus
979 1960 1047 2040 erit
1066 1961 1157 2040 alter
1176 1963 1321 2056 coniux,

162 2099 201 2165 ut
218 2087 327 2165 etiam
342 2085 418 2190 ipse
433 2082 566 2164 indicet
585 2098 722 2189 septem
736 2083 957 2189 propinquos
971 2085 1029 2162 vel
1047 2085 1186 2181 affinaS,
1209 2085 1325 2190 iisque

158 2208 422 2303 deficientibus,
453 2220 589 2313 septem
618 2207 752 2286 vicinos
780 2206 893 2286 bonae
913 2206 1041 2302 famae,
1064 2207 1126 2312 qui
1155 2221 1324 2313 utsupra

158 2331 293 2410 dictum
331 2346 386 2411 est
423 2331 622 2436 deponant;
664 2329 809 2410 seorsim
841 2345 949 2410 erunt
982 2331 1019 2408 hi
1053 2331 1323 2436 quatuordecim

147 2456 354 2535 ¹conflantes
382 2456 569 2560 septimam
601 2479 744 2533 manum
782 2455 937 2533 examini
968 2453 1196 2549 subiiciendi,
1228 2453 1325 2534 desi-

158 2582 275 2685 gnatis
303 2580 430 2660 diebus
457 2594 493 2660 et
522 2581 632 2675 horis,
664 2579 781 2660 delato
808 2580 909 2685 prius
936 2580 1137 2660 iuramento
1155 2581 1321 2683 singulis.

156 2704 323 2784 defensor
351 2705 567 2784 matrimonii
596 2703 870 2810 interrogatoria
899 2705 1019 2784 clausa
1048 2704 1248 2800 exhibebit,
1284 2719 1325 2783 ut

156 2832 325 2934 superius
354 2827 488 2912 dictum
517 2842 586 2908 est.

237 2953 406 3032 Liberum
433 2952 502 3031 crit
530 2943 742 3055 coniugih'us
776 2963 886 3030 testes
919 2951 1033 3030 bonae
1063 2953 1176 3031 iamae
1209 2977 1250 3029 ac
1278 2952 1322 3030 de

157 3101 195 3156 re
224 3078 420 3156 instructos
448 3076 631 3170 inducere,
662 3077 724 3179 qui
758 3099 879 3153 omnes
915 3076 1061 3156 seorsim
1090 3089 1126 3155 et
1153 3075 1321 3154 methodo

154 3199 331 3278 hactenus
360 3199 581 3304 praescripta
608 3211 716 3276 erunt
743 3197 897 3276 examini
925 3197 1154 3278 subiiciendi.

238 3323 273 3400 Si
302 3323 390 3402 alios
418 3323 525 3403 etiam
554 3322 725 3401 Defensor
744 3321 958 3402 matrimonii
978 3347 1021 3400 ex
1042 3324 1131 3401 actis
1151 3323 1219 3400 iam
1239 3347 1325 3401 con-

156 3445 261 3524 iectis
289 3447 532 3552 deprehendet
561 3446 605 3524 de
633 3469 670 3523 re
699 3445 910 3541 instructos,
942 3446 1007 3524 hos
1039 3447 1146 3525 etiam
1176 3447 1320 3540 citabit,
1414 3426 1419 3438 ’

156 3582 198 3648 ut
228 3571 382 3648 examini
410 3570 661 3650 subiiciuntur.
694 3568 729 3648 Si
757 3568 819 3673 qui
848 3569 966 3647 forsan
986 3569 1154 3650 absentes
1173 3595 1322 3649 noscan-

156 3707 232 3786 tur,
263 3694 325 3798 qui
353 3693 533 3772 commode
561 3694 606 3772 ad
626 3693 808 3772 civitatem
828 3691 993 3772 accedere
1014 3709 1195 3800 nequeant
1214 3694 1322 3774 etiam

153 3815 200 3893 ob
230 3815 424 3895 distantiae
452 3832 632 3922 sumptus,
655 3817 711 3895 vel
730 3816 775 3894 ad
794 3819 909 3921 partis
929 3817 1153 3913 instantiam,
1185 3819 1255 3912 vel,
1279 3843 1320 3896 ea

151 3941 298 4035 silente,
330 3941 375 4018 ad
410 3941 620 4021 instantiam
653 3941 857 4020 Defensoris
894 3944 1108 4020 matrimonii
1142 3956 1248 4022 erunt
1277 3941 1323 4020 ab

149 4063 328 4168 Episcopo
356 4064 454 4143 itlius
482 4063 667 4159 dioecesis,
699 4065 735 4142 in
764 4089 835 4168 qua
862 4079 1061 4159 morantur,
1093 4065 1320 4144 examinandi

150 4187 256 4264 iuxta
285 4187 557 4289 interrogatoria
586 4187 631 4266 ah
660 4187 782 4266 eodem
811 4188 1002 4268 Defensore
1025 4189 1257 4285 conficienda,
1281 4215 1321 4266 ac

149 4309 275 4388 clausa
304 4324 341 4390 at
368 4311 557 4415 obsignata
586 4311 879 4408 transmittenda,
920 4311 1093 4416 deputato
1122 4313 1167 4391 ah
1196 4313 1320 4392 eodem

117 4531 122 4544 Ι
151 4435 329 4542 Episcopo
358 4437 470 4516 altero
507 4435 635 4515 idoneo
663 4437 753 4525 viro,
785 4437 846 4540 qni
876 4451 1034 4542 praestet
1071 4439 1254 4545 requisitis
1284 4441 1322 4518 in

224 4595 361 4638 mersatur.
379 4595 409 4638 tte
425 4592 619 4652 impedimentis.
1204 4599 1231 4644 25
