3456 5300
681 483 717 496 ..
739 450 779 512 39
797 483 838 506 ἵ.-

188 599 259 677 qua
289 572 335 650 ab
362 573 558 677 apostolica
587 573 676 654 Sada
704 574 808 654 alitor
835 587 1025 669 statutum,
1050 575 1268 656 declaratum
1297 575 1352 654 rol

184 696 424 802 approbatum
462 695 584 792 luerit,
615 713 723 803 prout
763 713 904 779 constat
936 699 980 779 do
1017 699 1201 780 Maronitis
1229 699 1246 806 (
1273 697 1304 804 ).
1327 743 1351 760 -

186 825 259 902 Neo
285 819 482 926 quidquam
509 847 624 927 usque
651 821 697 902 ad
718 849 887 929 praesens
906 823 952 902 ab
966 809 1158 930 apostoliea
1179 821 1268 902 Sada
1287 821 1351 900 do-

184 943 358 1024 olaratum
385 945 442 1024 vol
470 958 645 1026 statutum
672 959 739 1026 ost.
762 950 809 1028 Et
829 973 951 1028 rouara
971 953 1007 1026 S.
1031 953 1069 1028 C.
1093 948 1212 1026 Sanoti
1232 945 1351 1026 Offioii

185 1071 223 1147 in
246 1068 393 1148 ausibus
420 1069 698 1174 particularibus
713 1085 851 1176 rogata,
874 1072 1057 1178 rospondit
1076 1071 1133 1150 dia
1154 1080 1200 1151 23
1228 1069 1351 1176 aprilis

187 1203 306 1273 1881:
331 1221 359 1268 ·‹
382 1195 505 1284 Quoad
531 1197 755 1276 matrimonia
775 1223 796 1274 a
816 1197 951 1300 graaois
978 1196 1162 1276 catholicis
1174 1195 1224 1274 'in
1252 1194 1353 1274 dioa-

182 1319 253 1398 oasi
283 1322 327 1398 N.
359 1317 505 1398 nullitar
532 1333 715 1400 oontraota
743 1318 788 1399 ob
815 1319 1068 1426 impedimenta
1096 1317 1350 1421 consanguini-

181 1441 268 1520 tatis
304 1454 340 1520 ot
367 1442 553 1522 affinitatis
581 1469 625 1522 au
658 1445 785 1550 oopula
822 1443 938 1540 linita,
978 1445 1137 1550 arooptis
1174 1441 1347 1546 gradibus

181 1565 457 1672 proximioribus
485 1567 668 1672 usquead
696 1568 860 1674 quintum
878 1568 1032 1672 pradum
1058 1565 1230 1646 inclusive
1257 1591 1352 1644 oom-

182 1693 383 1799 putationis
410 1693 608 1788 orientalis,
640 1693 913 1799 supplicandum
942 1697 1048 1772 SSriro
1066 1717 1130 1799 pro
1150 1692 1264 1796 gratia
1291 1716 1350 1768 sa-

185 1817 343 1896 nationis
380 1818 417 1896 in
451 1817 568 1896 radioo
591 1849 626 1896 s.
658 1817 826 1907 Quamvis
863 1843 907 1896 ox
945 1819 1011 1896 boo
1038 1821 1075 1896 S.
1112 1821 1150 1896 C.
1181 1837 1350 1920 responso

181 1953 343 2036 eruatur,
359 1941 530 2046 aliquam
557 1941 683 2022 saltam
712 1941 859 2044 gradum
887 1942 983 2022 ultra
1010 1941 1177 2046 quintum
1202 1963 1280 2018 osse
1313 1941 1352 2016 in

183 2089 256 2169 quo
283 2067 374 2144 inita
402 2066 566 2170 coniugia
594 2067 714 2146 valore
743 2079 881 2162 aaroni,
912 2066 1031 2146 adhuo
1058 2077 1179 2144 tamen
1206 2061 1274 2143 sub
1292 2065 1349 2142 iu·

184 2186 262 2268 diou
290 2202 440 2293 perstat,
472 2215 517 2267 au
546 2189 642 2296 apud
664 2215 808 2294 graecos
827 2190 1019 2272 natholioos
1037 2188 1156 2268 valida
1176 2187 1231 2266 vel
1250 2187 1350 2266 nulla

187 2311 261 2392 sint
288 2314 452 2416 coniugia
480 2314 659 2394 oolabrata
688 2315 762 2396 siva
783 2315 820 2392 in
845 2314 996 2420 septimo
1024 2312 1137 2418 gradu
1166 2325 1349 2417 oomputa·

186 2437 295 2516 tionis
314 2438 511 2532 orientalis,
543 2438 636 2518 idest
655 2439 693 2518 in
707 2453 837 2544 quarto
865 2439 1073 2541 attingente*
1094 2439 1241 2518 tortium
1260 2459 1354 2515 oom-

180 2561 380 2665 putationis
394 2564 599 2658 oanonioae,
617 2565 692 2642 sive
707 2565 878 2644 inootaro
891 2561 1004 2666 gradu
1018 2561 1133 2642 uirilis
1147 2585 1211 2642 sou
1224 2573 1353 2666 quarto

182 2687 374 2764 canonicae
403 2689 692 2790 eomputationis.

261 2817 299 2886 8.
336 2809 514 2889 Tertium:
543 2811 806 2892 Matrimonium
825 2811 863 2888 in
880 2811 1000 2916 primo
1026 2809 1350 2924 qousuupuiuitotis

179 2931 298 3034 produ
326 2930 441 3012 lineae
469 2943 599 3022 rectae,
628 2957 755 3040 nempe
784 2937 877 3017 intur
896 2947 1033 3038 patrem
1058 2933 1235 3028 etlilium,
1258 2935 1351 3012 inter

181 3068 331 3134 matrem
360 3069 396 3134 et
422 3055 550 3154 filium,
580 3069 635 3136 ost
662 3057 803 3138 irritum
830 3056 909 3136 iura
936 3067 1103 3144 moturae,
1138 3071 1174 3138 et
1206 3055 1286 3135 ideo
1304 3055 1350 3136 ab

183 3176 342 3256 Euolasia
379 3179 579 3284 dispensari
617 3205 688 3259 uon
717 3205 838 3284 posse,
876 3194 931 3260 est
963 3180 1157 3258 communis
1194 3179 1350 3260 omnium

187 3305 368 3381 sententia
396 3305 470 3408 (2).

264 3426 369 3506 Ratio
397 3426 511 3531 petita
539 3452 583 3506 ox
611 3426 773 3532 eoquod
803 3429 944 3530 genitus
958 3427 1006 3507 sit
1026 3427 1177 3530 genitori
1205 3425 1348 3506 subiao·

179 3563 242 3628 tus
262 3561 297 3627 ot
315 3549 476 3646 inferior,
495 3549 757 3629 matrimonium
776 3575 860 3630 voro
875 3550 1127 3656 aequalitatum
1152 3551 1245 3630 inter
1263 3573 1349 3628 oon·

180 3673 286 3774 iuges
304 3685 457 3770 statuat,
481 3673 607 3778 probat
626 3673 770 3779 quidam
794 3672 966 3752 eiusmodi
985 3674 1248 3753 matrimonium
1267 3697 1345 3752 esso

180 3795 261 3874 iuro
289 3808 439 3876 naturae
469 3797 737 3894 inconveniens,
770 3823 841 3876 non
870 3822 953 3878 vero
972 3823 1048 3877 osso
1063 3799 1170 3876 otiam
1185 3797 1340 3876 irritum.

251 4005 287 4079 (ll
309 4007 526 4080 Pupp-Szilagyi
542 4009 592 4068 loo.
613 4009 661 4068 ott.
682 4009 842 4080 §.109;—
861 4010 992 4080 synodus
1012 4009 1180 4067 Libanensis
1199 4009 1249 4066 lot.
1271 4009 1347 4067 cios

181 4125 221 4136 -
239 4103 432 4153 ussemanus:
453 4097 646 4155 Bibliothecae
664 4097 818 4155 orientalis
837 4104 903 4156 tum.
924 4105 951 4155 5.
968 4107 1053 4170 port.
1073 4105 1098 4154 2.
1124 4113 1195 4170 pap.
1225 4103 1277 4154 525
1305 4097 1345 4152 oi·

180 4189 260 4240 uatus
279 4184 315 4240 ab
334 4185 474 4241 Autoiuu:
499 4187 628 4258 Theolop.
648 4186 756 4242 morat.
783 4200 849 4242 oum
875 4187 948 4242 notis
975 4189 1003 4243 l’.
1029 4186 1153 4258 Philippi
1181 4186 1217 4241 de
1244 4185 1346 4242 carbo-

177 4285 284 4339 naano
308 4278 397 4328 troct-
416 4273 451 4330 ula
468 4275 604 4332 matrim.
625 4275 756 4346 Appaud.
776 4279 803 4329 2.
823 4283 883 4331 ool.
904 4281 930 4332 5.

255 4359 290 4430 li]
308 4359 412 4416 Sanob.
436 4359 487 4416 lib.
509 4365 534 4417 7.
556 4360 631 4434 disp.
651 4367 695 4418 al.
716 4379 745 4418 rt.
768 4367 802 4424 7,·
822 4391 855 4402 —
883 4363 1001 4434 Pirbinp
1020 4363 1112 4420 oitans
1140 4363 1273 4432 Sambon,
1296 4363 1347 4420 loc.

177 4447 232 4503 cit.
252 4463 282 4503 u.
301 4453 328 4502 8.
