3406 5302
640 497 673 510 -
695 461 756 530 229
774 494 813 511 -

144 589 303 699 polliceri
339 591 378 671 in
408 615 496 700 pace
527 604 564 674 et
590 617 708 673 amore
743 615 835 700 pene
872 588 1049 696 coniugali
1085 585 1298 669 ducendam.

144 720 299 812 Revera,
330 716 389 795 rix
416 716 552 822 primus
579 717 767 798 effluxerat
793 716 925 796 mensis
951 713 1159 820 melligencc
1178 713 1298 808 lunae,

141 853 179 920 et
206 841 327 920 statim
350 841 444 920 inter
462 865 522 920 eos
541 853 657 921 ortum
676 841 881 923 habuerunt
899 841 1028 946 iurgia,
1051 839 1299 936 contumeliae,
1354 943 1356 950 Ι

141 963 421 1070 omnigenaeque
450 965 601 1046 iniuriae
629 991 744 1074 usque
772 967 818 1047 ad
845 965 1006 1047 verbera.
1041 965 1149 1057 Queis
1175 965 1303 1047 mulier

141 1117 164 1169 a
192 1092 270 1169 riro
295 1089 475 1186 lacessita,
506 1103 543 1172 et
570 1092 624 1172 vir
652 1091 827 1200 zelotypia
862 1104 1060 1198 correptus,
1091 1091 1137 1170 ad
1164 1091 1302 1172 civilem

141 1226 355 1322 potestatem
386 1215 552 1297 deserunt
584 1218 838 1323 querimonias.
872 1219 938 1296 llis
969 1213 1133 1296 omnibus
1168 1213 1302 1296 additis

140 1337 396 1420 monitionibus
424 1367 445 1418 a
471 1341 615 1448 proprio
642 1365 763 1422 eorum
781 1341 949 1449 parocho,
971 1339 1104 1420 scilicet
1122 1339 1300 1420 Ecclesiae

140 1465 256 1544 sancti
285 1463 482 1559 Laurentii,
513 1464 669 1547 fraterne
696 1465 804 1562 datis,
826 1465 888 1572 qui
906 1467 1053 1570 insuper
1080 1488 1194 1571 perse
1221 1489 1301 1544 mu·

139 1586 234 1681 lieri,
265 1611 329 1694 per
356 1588 463 1668 alium
491 1590 567 1670 uiro
596 1615 701 1696 grave
729 1589 878 1671 dubium
896 1589 1066 1670 iniecerat
1084 1589 1127 1668 de
1146 1588 1192 1668 ab
1211 1589 1299 1697 ipsis

137 1711 219 1791 initi
247 1713 463 1792 matrimonii
490 1714 657 1795 firmitate
685 1715 822 1822 (luctor.
852 1713 880 1794 l.
913 1712 994 1821 17),
1025 1713 1156 1794 lactum
1174 1729 1241 1796 est
1259 1728 1299 1797 ut

137 1833 285 1915 tandem
311 1851 392 1942 post
418 1853 572 1945 quatuor
599 1840 740 1920 circiter
766 1863 906 1920 menses
928 1866 949 1918 a
969 1852 1150 1920 contracto
1175 1841 1299 1921 matri·

134 1961 268 2057 monio,
286 1962 420 2043 scilicet
438 1963 495 2043 die
511 1973 533 2044 2
554 1964 755 2044 novembris
777 1971 891 2060 1863,
910 1963 992 2043 Caio
1007 1963 1184 2072 supplices
1202 1965 1298 2071 epis·

135 2085 251 2192 oopali
279 2089 403 2166 Curiae
430 2111 554 2193 preces
581 2088 627 2168 ab
654 2089 776 2169 ecdem
795 2086 976 2196 praedicto
998 2087 1153 2196 parocho
1172 2111 1298 2168 exara·

134 2224 192 2292 tas
211 2211 428 2316 porrexerim
445 2211 577 2318 quibus
595 2212 751 2294 breviter
765 2225 930 2293 enarrata
944 2209 1027 2292 laeti
1046 2213 1164 2318 specio
1177 2213 1295 2319 quoad

134 2360 176 2415 ea
204 2361 299 2442 quae
327 2337 477 2417 manime
504 2336 709 2418 afficiebant
735 2337 843 2417 huius
870 2335 1083 2417 matrimonii
1102 2335 1233 2418 nedum
1251 2338 1296 2418 li·

133 2461 318 2558 ceitatem,
350 2460 411 2540 sed
439 2475 476 2542 et
502 2461 718 2558 firmitatem,
748 2459 907 2568 postulat
941 2472 984 2538 ut
1010 2458 1056 2539 ab
1091 2460 1152 2540 illa
1189 2461 1293 2542 Curia

132 2585 316 2665 relaxetur
343 2585 524 2667 decretum
551 2585 594 2666 tle
623 2585 790 2666 nullitate
821 2585 878 2665 sui
908 2585 1138 2682 matrimonii,
1168 2598 1293 2692 utpote

133 2733 252 2788 coram
289 2709 443 2815 parocho
474 2735 546 2789 non
572 2709 714 2817 proprio
741 2735 762 2788 a
789 2733 827 2790 se
854 2733 934 2789 cum
971 2707 1062 2789 Titio
1093 2709 1187 2788 initi.
1218 2711 1294 2789 Hoc

131 2846 277 2939 accepto
314 2833 433 2913 libello
470 2832 682 2913 Ordinarius
716 2831 1032 2914 extraiudicialiter
1072 2831 1173 2912 audit
1215 2845 1297 2913 tum

130 2957 250 3036 Cuiam
270 2970 346 3037 tum
361 2960 504 3054 Titium,
535 2959 597 3065 qui
624 2955 755 3040 lactum
784 2959 972 3039 enucleant
990 2957 1155 3039 etlusius
1181 2983 1292 3066 erpo·

129 3091 238 3158 nunt.
269 3079 361 3160 Visis
380 3080 582 3162 huiusmodi
601 3081 897 3190 depositionibus,
919 3095 955 3163 et
973 3093 1110 3162 attenta
1130 3083 1290 3191 principe

1 3291 2 3294 p
129 3201 431 3284 clandestinitatis
458 3209 610 3302 ratione,
641 3205 734 3286 idem
763 3207 972 3288 Ordinarius
990 3206 1132 3287 decretu
1150 3205 1221 3287 diei
1238 3217 1288 3287 12

128 3327 335 3408 novembris
365 3338 462 3411 1863
492 3329 640 3438 deputat
667 3331 817 3412 iudicem
846 3333 1094 3413 instructorem
1109 3333 1154 3412 ad
1173 3335 1290 3415 omnia

1 3507 3 3518 ,
128 3465 211 3532 acta
238 3453 328 3533 iuris
354 3453 477 3535 ordine
504 3467 643 3536 serrato
670 3455 871 3562 peragenda
903 3481 1018 3564 usque
1049 3456 1094 3537 ad
1127 3457 1288 3565 publica-

1 3609 2 3656 i
128 3576 264 3656 tionem
292 3601 491 3684 processus.

210 3711 249 3780 7.
281 3707 387 3783 Porro
414 3703 531 3784 omnia
551 3701 789 3810 processualia
808 3715 888 3784 acta
906 3703 974 3784 rite
989 3705 1092 3802 inita,
1115 3731 1287 3814 suspensa

125 3827 317 3908 iacuerunt
343 3853 406 3935 per
433 3831 609 3933 integrum
638 3829 803 3909 lustrum.
834 3833 921 3910 Cum
948 3831 1041 3910 enim
1069 3843 1195 3928 testes,
1225 3832 1288 3938 qui

125 3953 353 4033 matrimonio
381 3955 583 4048 astiterant,
614 3953 726 4032 bisin
749 3951 918 4033 iudicium
945 3953 1074 4052 vocati,
1103 3979 1287 4062 nunquam

126 4078 405 4182 comparuerint,
428 4079 512 4157 binc
526 4077 629 4158 Curia
644 4103 788 4157 causam
807 4078 1188 4185 comperendinandam
1207 4105 1285 4162 esse

125 4201 246 4296 duxit,
277 4215 314 4282 et
341 4201 385 4280 ad
413 4201 632 4307 diligentiam
659 4202 828 4308 partium,
859 4202 987 4307 iugalis
1005 4205 1137 4286 vinculi
1161 4204 1284 4287 delen-

1 4325 2 4406 3
124 4351 205 4407 sore
234 4350 279 4406 cx
306 4325 420 4407 officio
447 4339 643 4422 annuente,
673 4325 822 4406 remisit
844 4329 970 4434 ltaque
997 4326 1283 4410 161110161-

123 4451 201 4532 bris
243 4458 356 4548 1868,
399 4449 673 4558 processualia
673 4463 752 4531 acta
788 4466 1058 4534 reassumuntur
1098 4454 1280 4538 occasione
