3446 5298
692 491 728 504 -·
751 459 805 520 tlt
832 491 876 528 -,

191 609 232 663 ac
246 583 392 664 dissolri
408 611 479 665 non
502 586 633 690 potuit;
657 611 728 692 quo
749 586 905 664 durante
921 609 961 663 ac
976 583 1191 690 persistente
1212 581 1363 686 impedi-

191 723 327 806 mento,
341 709 371 788 si
387 711 440 788 vir
455 709 606 788 laminae
621 709 873 811 coniungatur,
888 706 1103 786 adulterium
1119 719 1187 784 est.
1202 709 1363 810 Quapro-

194 845 274 938 pter
294 833 467 912 suavibus
487 832 605 912 verhis
628 858 669 911 ac
689 833 821 912 hlando
844 847 880 911 et
899 831 1033 911 efficaci
1061 853 1223 908 sermone
1243 830 1363 934 potius

193 981 214 1034 a
235 957 388 1061 parocho
408 956 659 1036 adhortandus
681 969 735 1035 est
753 959 882 1036 conius
902 955 976 1048 ille,
998 979 1043 1032 ne
1063 965 1203 1032 tantum
1223 950 1363 1028 lacinus

192 1081 404 1175 committat,
435 1106 477 1159 ac
506 1093 702 1159 decontra
731 1081 794 1160 Dei
823 1080 936 1182 legem
963 1090 1100 1184 peccet,
1131 1102 1239 1182 quam
1267 1075 1361 1154 idem

193 1202 239 1280 ab
267 1205 344 1310 ipso
371 1203 494 1283 mundi
534 1203 728 1310 primordio
761 1203 863 1299 tulit,
886 1203 1067 1308 inquiens:
1102 1231 1120 1274 r
1143 1198 1244 1290 Quod
1265 1203 1361 1276 Deus

190 1329 391 1423 coniunxit,
406 1329 509 1408 horno
528 1355 600 1407 non
611 1342 751 1435 separet
765 1357 800 1406 ».
815 1328 915 1418 Quod
930 1329 960 1406 si
977 1326 1150 1434 propositi
1165 1339 1275 1403 tenax
1286 1347 1362 1401 mo-

191 1461 348 1565 rigerum
362 1487 400 1540 se
414 1463 561 1569 parochi
578 1463 722 1541 monitis
742 1461 912 1568 praebere
932 1475 1075 1556 renuat,
1089 1475 1126 1540 et
1140 1460 1236 1564 turpi
1256 1457 1362 1536 adul-

194 1587 284 1665 terio
303 1611 381 1666 cum
402 1589 552 1690 coniuge
586 1587 782 1666 anatholius
816 1587 1017 1692 copuletur,
1049 1585 1167 1689 sitque
1197 1584 1295 1662 aleae
1320 1607 1362 1660 ac

193 1711 342 1816 periculi
362 1711 507 1817 plenum
525 1713 665 1816 ipsique
693 1711 854 1814 religioni
875 1709 1024 1790 sortasse
1043 1707 1190 1788 noxium
1209 1705 1361 1785 ulterius

194 1837 382 1931 obsistere,
415 1851 451 1916 et
478 1849 600 1915 contra
630 1837 717 1932 niti;
748 1837 852 1916 silere
875 1836 1034 1942 quidem,
1057 1841 1095 1916 et
1115 1835 1268 1914 tolerare
1286 1846 1361 1911 tam

193 1959 345 2038 immune
374 1959 513 2038 lacinus
541 1960 719 2065 parochus
748 1962 892 2065 poterit,
915 1985 1109 2064 numquam
1129 1985 1212 2038 uero
1228 1957 1284 2038 vel
1304 1981 1364 2048 co-

193 2082 369 2188 pulationi
398 2085 586 2178 interesse,
620 2085 802 2189 multoque
830 2085 949 2163 minus
981 2081 1266 2162 benedictionem
1294 2079 1361 2158 im-

194 2208 333 2312 pertiri.
352 2207 496 2303 lubeat,
519 2208 692 2314 increpet,
714 2209 870 2288 minetur
889 2209 978 2288 laica
998 2220 1157 2313 potestas
1179 2203 1361 2284 «obedire

194 2332 307 2433 magis
344 2335 416 2410 Deo
448 2345 605 2436 oportet,
646 2357 752 2436 quam
788 2331 992 2410 hominihus
1015 2363 1050 2408 a».
1087 2328 1259 2408 Sacerdos
1297 2329 1360 2406 Dei

197 2456 335 2562 (verbis
349 2459 484 2535 utimur
503 2456 576 2534 diri
597 2455 780 2563 Cypriani)
800 2456 1023 2558 evangelium
1043 2469 1182 2548 tenens,
1206 2467 1242 2532 et
1261 2453 1362 2531 Chri·

194 2580 241 2658 sti
256 2593 445 2685 praecepta
456 2579 675 2676 custodiens,
695 2581 804 2659 occidi
819 2593 950 2685 potest,
965 2579 1058 2658 vinci
1073 2604 1144 2658 non
1154 2582 1299 2686 potest(
1328 2579 1358 2680 ).

198 2709 302 2782 Hane
339 2705 376 2782 in
412 2705 575 2810 parochis
608 2705 681 2784 tuis
714 2705 972 2800 constantiam,
1004 2717 1038 2782 tc
1073 2716 1218 2782 auotorc
1252 2718 1361 2808 atque

196 2829 350 2922 vindice,
383 2830 525 2908 minime
555 2854 632 2906 esse
661 2827 862 2907 defuturam
891 2828 1000 2906 Nobis
1028 2829 1065 2906 in
1081 2831 1229 2908 Domino
1256 2829 1361 2934 polli-

195 2977 329 3031 cemnr.
362 2957 612 3032 Verumtamen
640 2965 792 3057 oportet,
814 2949 1112 3058 quemadmodum
1132 2953 1362 3032 vehementer

195 3075 337 3170 abste,
370 3075 584 3155 venerabilis
612 3081 750 3172 Frater,
782 3078 951 3182 petimus
982 3091 1090 3182 atque
1128 3077 1232 3155 enixe
1261 3077 1361 3156 effla-

197 3203 365 3306 gitamuS,
397 3218 439 3282 ut
467 3228 527 3282 eos
555 3203 694 3306 erigam,
722 3202 865 3296 docem,
902 3217 1010 3307 atque
1046 3202 1215 3299 horteris,
1247 3227 1292 3282 ne
1322 3215 1362 3280 ut

195 3325 297 3406 decet
325 3325 505 3404 ministros
540 3325 670 3404 Christi
699 3339 735 3404 et
773 3325 894 3404 fideles
931 3325 1197 3432 dispensatores
1229 3339 1360 3433 myste-

196 3453 329 3530 riorum
358 3452 435 3544 Dei,
467 3464 591 3528 sancta
619 3450 769 3529 canibus
797 3451 1000 3556 proiiciant,
1036 3465 1144 3556 atque
1172 3465 1361 3557 propterea

196 3597 390 3676 numquam
418 3574 578 3652 scelestis
611 3573 706 3652 hisce
742 3577 877 3680 nuptiis
909 3599 986 3652 sese
1018 3574 1255 3667 immisceant,
1292 3574 1362 3652 imo

195 3700 303 3776 etiam
332 3697 362 3775 si
390 3697 603 3776 catholicum
633 3701 820 3800 coniugem
849 3725 935 3777 suae
954 3697 1184 3804 professionis
1212 3697 1361 3777 oblitum

195 3820 292 3926 apud
321 3823 524 3900 ministrum
552 3821 789 3902 acatholicum
818 3825 934 3928 palam
962 3837 999 3904 et
1026 3823 1167 3928 publice
1187 3849 1225 3902 se
1253 3849 1364 3928 copu-

194 3945 267 4025 lare
297 3946 421 4042 iaciat,
453 3947 622 4050 quoniam
651 3961 836 4054 peccatum
864 3949 960 4028 istud
989 3947 1171 4054 publicum
1192 3973 1234 4028 ac
1261 3962 1365 4028 noto-
1613 3957 1636 4000 ⁸

194 4072 285 4148 rium
315 4097 398 4150 cum
427 4070 580 4148 murima
609 4071 782 4152 honorum
810 4072 1004 4152 offensione
1032 4097 1222 4151 evasurum
1251 4087 1360 4169 esset,

195 4193 313 4292 illum,
345 4193 551 4300 posthabita
581 4198 676 4276 omni
705 4198 909 4302 temporalis
933 4197 1090 4276 iacturae
1119 4196 1363 4291 formidine,a

194 4333 497 4398 sacramentorum
530 4321 804 4427 participatione
836 4322 997 4417 reiicere,
1019 4322 1225 4428 prolemque
1257 4347 1301 4402 ex
1324 4351 1365 4401 a-

267 4477 302 4549 (1)
322 4479 374 4550 op.
389 4483 433 4534 55.
448 4477 485 4534 ad
504 4475 616 4534 cornel.
