3424 5300
672 503 708 518 -
732 470 786 534 iri
811 501 847 516 -

176 604 213 675 3⁹
241 593 475 702 deprecassu
507 593 671 674 iudiciali
676 623 693 689 ,·
712 641 736 656 -
757 602 794 674 t⁰
815 587 866 673 'de
890 617 1073 700 processus
1101 589 1348 698 publicatione
1420 701 1423 707 Ι

168 731 205 798 et
223 717 487 824 acceptionibus
504 733 627 797 contra
646 729 778 815 testem
804 763 828 778 -
850 727 887 796 5ο
906 715 951 796 de
971 715 1159 802 sententio,
1189 741 1228 794 re
1246 713 1345 795 iudi·

174 853 272 930 cata,
302 840 444 948 querela
472 855 508 922 et
535 841 786 947 appellatione.
890 903 893 911 .

601 1057 854 1135 autrannus
882 1057 913 1132 Ι.

572 1266 615 1345 tte
638 1269 707 1344 toro
736 1269 947 1360 competente.

260 1469 295 1538 t.
328 1465 413 1540 Cum
450 1463 621 1545 eiusmodi
660 1463 937 1546 matrimoniales
979 1473 1209 1566 quaestiones
1247 1461 1346 1540 iuter

132 1567 139 1580 ’
173 1584 355 1689 prinsipes
382 1587 587 1691 spirituales
615 1616 742 1669 causus
770 1599 1041 1681 accenseantur,
1059 1583 1192 1691 quippe
1220 1585 1263 1664 de
1283 1611 1346 1664 sa-

179 1709 351 1788 cramenti
380 1724 507 1810 agatur
536 1713 668 1810 valore,
700 1714 737 1792 in
766 1713 840 1793 iura
868 1709 1262 1791 tantumaoclesiastico
1279 1733 1343 1787 seu

184 1857 301 1912 caram
340 1833 457 1914 iudice
489 1819 727 1917 ecclesiastico
760 1840 921 1941 cognosci
954 1838 1104 1936 debent3
1136 1851 1173 1917 et
1190 1817 1343 1939 ¹quidem

176 1957 255 2036 illas
283 1983 493 2062 cognoscere
522 1962 566 2041 ad
595 1966 808 2068 Episcopum
827 1964 1011 2068 privative
1037 1973 1189 2069 spectat,
1212 1985 1276 2038 seu
1296 1955 1341 2036 aul

175 2083 419 2189 Episcopalem
452 2084 662 2188 dignitatem
692 2086 765 2190 (t),
798 2087 847 2165 ita
877 2102 917 2166 ut
949 2113 1009 2168 eas
1041 2108 1251 2190 cognoscere
1278 2105 1345 2158 ne-

177 2197 312 2309 queant
341 2207 601 2304 archidiaconi,
633 2211 763 2288 Decaui
793 2211 925 2314 aliique
954 2213 1127 2316 Episcopo
1156 2205 1342 2286 inferiores

179 2332 279 2411 iuxta
309 2331 506 2412 Tridentini
540 2334 735 2430 decretum,
773 2359 845 2440 quo
873 2336 1105 2441 praecipitur,
1142 2347 1183 2414 ut
1214 2357 1346 2410 consae

176 2455 457 2535 mcertmaototes
485 2457 650 2564 Episcopi
678 2472 818 2538 tantum
853 2459 1014 2538 ecamlai
1042 2472 1075 2538 et
1101 2455 1345 2538 iurisdictioai
1453 2469 1458 2479 “

174 2579 425 2686 relinquantur
462 2581 535 2688 (ἓ).
577 2627 600 2642 -
638 2587 683 2663 Et
723 2583 833 2689 aliqui
867 2583 949 2662 alim
988 2587 1078 2678 DE,
1115 2578 1340 2688 quarundam

173 2706 207 2779 S.
231 2707 269 2780 C.
292 2705 438 2782 Consilii
468 2705 724 2786 resolutionum
744 2708 956 2786 auctoritate
986 2707 1082 2800 irati,
1115 2704 1240 2784 docere
1259 2702 1345 2807 qui·

173 2826 253 2905 deur
271 2841 480 2932 potuerunt,
513 2830 747 2911 tridentinum
775 2830 948 2912 eiusmodi
968 2819 1149 2910 decrelurir
1178 2855 1248 2908 nou
1277 2828 1344 2908 ob-

174 2964 282 3045 stare,
305 2953 495 3056 quominus
516 2953 575 3032 alii
596 2955 768 3060 Episcopo
796 2953 980 3033 inferiores
1018 2951 1247 3032 ecclesiastici
1282 2953 1343 3029 iu-

174 3072 270 3152 dices
288 3075 566 3156 matrimoniales
575 3101 702 3156 causas
717 3101 927 3180 cognoscere
943 3077 1116 3170 valerent,
1136 3075 1198 3154 ubi
1218 3087 1341 3153 essent

175 3198 211 3275 in
230 3200 472 3278 immemoriali
492 3200 750 3281 consuetudine
770 3225 833 3280 seu
851 3200 1088 3306 possessione,
1111 3223 1203 3304 qnae
1223 3197 1343 3276 tribus

147 3321 413 3402 ·couiormibus
432 3326 634 3418 sententiis,
657 3325 713 3404 vel
740 3325 847 3405 etiam
876 3350 939 3430 per
967 3349 1088 3420 unam,
1120 3349 1213 3430 quae
1241 3337 1341 3402 tran·

175 3445 273 3524 aierit
301 3447 339 3524 in
358 3473 431 3526 rem
451 3445 657 3544 iudicatam,
679 3475 787 3554 quam
805 3448 921 3526 tribus
949 3448 1175 3554 aequivalere
1200 3448 1341 3526 censuit

176 3595 275 3648 sacra
303 3574 534 3674 Congragatia
562 3573 705 3652 Consilii
735 3571 808 3678 (3),
838 3571 986 3678 probata
1016 3571 1123 3651 luerit
1152 3571 1226 3678 (t).
1245 3574 1344 3649 -Ita

175 3755 178 3764 '
243 3765 283 3839 tl)
304 3765 400 3822 Sbroz.
421 3767 454 3822 rte
472 3767 542 3837 offic
571 3769 666 3825 Vicae.
688 3769 739 3826 tto.
759 3777 789 3846 q
807 3775 915 3842 quaest.
937 3775 979 3824 tt.
1000 3786 1030 3824 n.
1051 3777 1077 3824 a.
1106 3769 1208 3826 citatus
1229 3783 1243 3825 a
1265 3771 1340 3826 Leu-

178 3855 255 3910 reuio
278 3853 329 3910 cto.
350 3859 376 3910 2.
399 3855 444 3912 tit.
465 3862 491 3910 2.
513 3856 546 3912 cte
565 3857 627 3928 tora
644 3864 817 3928 competente
834 3863 946 3930 quaest.
970 3861 1030 3915 tot.

173 3969 178 3978 ·
245 3945 281 4012 lii)
301 3943 427 4000 Erideut.
447 3957 513 4001 sess.
534 3949 577 4000 at.
597 3947 918 4018 cantanensium.

243 4029 283 4104 (El
302 4035 330 4088 S.
352 4033 380 4089 C.
402 4033 518 4090 concilii
541 4038 582 4088 t2.
603 4033 675 4105 teor.
698 4034 1030 4106 tsosapuuaattemart.
1044 4033 1147 4092 aucit.
1169 4033 1343 4091 Tridentini

175 4117 331 4176 walam.

248 4206 286 4278 (4)
305 4211 388 4266 quta
409 4207 538 4265 ciusdem
559 4212 585 4264 S.
608 4212 637 4266 C.
659 4207 880 4268 declarationem
899 4215 934 4267 22
951 4209 1076 4268 ianuar.
1095 4215 1162 4268 tatu
1175 4209 1251 4282 apuu
1271 4223 1339 4268 aun·

177 4293 238 4352 dem
259 4294 412 4354 Goltemart
433 4295 483 4352 loc.
510 4295 569 4362 cit..
593 4297 636 4352 sic
659 4297 856 4354 deminantis:
869 4319 893 4347 -«
908 4299 1025 4354 censuit
1043 4302 1071 4354 S.
1092 4301 1122 4355 c.
1142 4297 1272 4364 concilii,
1293 4297 1340 4356 da·

177 4403 190 4430 e
209 4391 287 4441 croto
306 4383 433 4442 eiusdem
454 4383 573 4442 concilii
593 4397 656 4457 cap.
676 4391 722 4442 20.
741 4401 805 4444 sess.
825 4391 869 4441 2t.
885 4393 942 4443 nau
958 4403 1020 4445 assa
1034 4388 1175 4445 sublatam
1192 4387 1338 4446 immamo·

178 4496 192 4524 ‹
212 4477 312 4536 riatem
324 4475 569 4544 cousuetudinem,
582 4476 741 4534 secundum
756 4491 842 4548 quum
853 4478 1002 4536 interiores
1013 4479 1151 4550 Episcopo
1165 4488 1343 4552 cognoscunt
