3456 5300
687 453 725 469 ..
746 421 786 484 95
808 453 845 468 .-

187 559 369 639 vereutur,
402 567 481 624 cum
510 545 577 626 hoo
604 545 660 626 vel
689 545 734 623 ab
763 545 839 652 ipsa
859 543 1027 626 Trullaua
1046 543 1188 652 Synodo
1206 545 1351 649 penitus

188 667 403 764 abhorreat3
426 668 628 773 -quamvis
657 669 793 748 meritis
816 665 984 748 laudibus
1003 681 1280 774 prosequeretur
1298 693 1358 745 sa-

186 817 324 870 crorum
354 791 564 870 Antistitum
584 791 680 870 illios
699 791 903 898 provinciae
923 791 1158 896 propesitum,
1177 791 1355 870 nominem

188 913 356 1019 deinceps
385 913 430 991 ad
459 939 578 994 sacros
606 913 758 994 Ordines
786 914 1013 1010 admittendi,
1040 915 1109 992 nisi
1129 929 1193 994 aut
1211 915 1356 1021 penitus

187 1037 369 1134 caelibem,
401 1049 463 1116 aut
491 1063 571 1116 eum
598 1038 661 1143 qni
690 1053 774 1118 ante
793 1037 1132 1144 hypodiaconum,
1156 1033 1256 1118 iuxta
1276 1065 1352 1118 mo·

189 1185 262 1238 rem
289 1161 511 1256 orientalem,
543 1161 736 1263 legitimam
773 1185 920 1240 uxorem
958 1159 1126 1257 duxerit3
1149 1161 1355 1266 -quamvis

187 1283 330 1363 eosdem
358 1285 550 1390 Episcopos
579 1283 808 1365 vehementer
836 1285 1040 1365 hortaretur
1069 1287 1106 1364 in
1134 1285 1296 1381 Domino,
1315 1298 1355 1364 ut

187 1407 424 1487 ministerium
452 1434 573 1488 eorum
601 1409 791 1515 implentes
810 1407 934 1490 sedulo
953 1409 1167 1505 niterentur,
1193 1423 1235 1488 ut
1253 1410 1358 1488 cleri-

189 1555 308 1610 cerum
338 1534 557 1613 continentia
586 1533 709 1638 purior
736 1533 892 1628 floreret,
924 1557 965 1610 ac
992 1531 1037 1609 ad
1054 1557 1212 1610 normam
1233 1531 1358 1636 genui-

193 1679 261 1732 nae
290 1656 473 1734 orientalis
492 1655 701 1762 disciplinae
717 1658 882 1737 restituta
903 1656 1072 1736 inviolate
1090 1655 1314 1762 persisteret:
1332 1698 1356 1713 -

191 1777 420 1857 nihilominus
439 1781 685 1884 quaestionem
701 1779 744 1860 de
760 1781 878 1890 valore
893 1779 1107 1860 matrimonii
1122 1791 1203 1883 post
1217 1803 1356 1856 sacrum

192 1888 361 1982 Ordinem
388 1903 468 1981 initi
497 1901 534 1981 in
562 1903 719 1982 Ecclesia
746 1903 913 1982 orientali
940 1899 1062 1982 eodem
1091 1903 1129 1980 in
1148 1914 1246 1980 statu
1274 1899 1359 1980 reli-

190 2024 270 2128 quit
297 2049 339 2101 ao
366 2039 443 2104 erat
471 2037 627 2131 tempore
657 2025 852 2105 decessoris
889 2025 945 2104 sui
973 2013 1155 2102 Benedrcti
1189 2027 1282 2102 XIV.
1314 2028 1358 2102 In

192 2143 252 2221 illa
280 2144 374 2222 euim
403 2145 636 2224 instructione
665 2143 912 2223 concluditur:
946 2143 1088 2233 «Quod
1117 2143 1146 2222 si
1166 2143 1278 2250 aliqui
1293 2143 1358 2222 de·

79 2281 86 2300 ·
196 2267 358 2374 ›ince'ps
386 2267 499 2374 (quod
527 2273 621 2348 Deus
649 2269 804 2374 avertat)
832 2281 914 2374 post
933 2294 1064 2364 sacros,
1082 2281 1123 2348 ut
1142 2267 1355 2375 praefertur,

197 2421 216 2466 ›
237 2391 390 2471 Ordines
418 2393 681 2474 matrimonium
699 2405 878 2472 attentare
892 2391 1211 2498 praesumpserint,
1236 2392 1360 2470 decer·

197 2515 292 2593 ›nit
320 2517 498 2596 Sanctitas
526 2521 611 2612 Sua,
642 2529 683 2595 ut
711 2517 755 2595 ad
785 2517 947 2596 tramites
974 2541 1154 2596 sacrorum
1183 2541 1358 2595 canonum

197 2663 357 2718 >severe
386 2640 596 2745 puniantur,
628 2652 668 2719 ut
696 2665 786 2746 quos
805 2640 963 2720 studium
981 2639 1178 2719 servandae
1201 2639 1361 2746 discipli·
1396 2701 1408 2722 .

197 2787 305 2842 »nae
333 2790 374 2842 ac
402 2790 499 2842 amor
535 2765 777 2845 continentiae
806 2787 878 2843 non
914 2777 1044 2860 movet,
1076 2765 1132 2843 vel
1165 2787 1359 2872 poenarum

198 2889 344 2966 >timor
372 2903 612 2994 compescat>
644 2889 659 2992 (
688 2887 717 2993 ).

274 3024 339 3094 22.
372 3013 610 3094 Nihilominus
637 3027 780 3120 praeter
808 3013 1103 3092 Constitutionenr
1136 3011 1215 3092 Etsi
1237 3025 1360 3120 posto-

195 3137 285 3218 rolis
312 3137 495 3218 Benedicti
523 3141 617 3235 XIV,
648 3145 740 3244 qua'e
769 3139 870 3217 irrita
898 3139 1024 3216 statuit
1039 3137 1261 3217 matrimonia
1280 3149 1360 3243 post

195 3262 493 3344 sacros'Ordinos
520 3263 566 3343 ab
595 3263 856 3344 Italo-Graecis
872 3262 975 3358 inita,
998 3261 1225 3368 provincialis
1252 3263 1360 3341 etiam
1473 3259 1477 3268 “

196 3387 360 3494 Synodus
396 3387 636 3466 Zamoscensis
673 3385 767 3466 idern
802 3411 866 3490 pro
894 3383 1075 3464 Ruthenis
1111 3385 1268 3465 decrevit
1304 3385 1360 3464 his

196 3510 332 3590 verbis:
367 3541 386 3584 ‹
409 3511 445 3589 Si
474 3513 555 3615 quis
584 3509 771 3618 presbyter
798 3523 880 3616 post
907 3509 1053 3588 collatos
1073 3507 1224 3590 Ordines
1239 3509 1362 3587 matri·

197 3637 314 3713 monio
342 3635 456 3736 iungi,
488 3649 551 3714 aut
578 3635 691 3740 prima
720 3660 829 3714 uxore
846 3633 1029 3728 defuncta,
1061 3633 1236 3714 secundas
1264 3633 1362 3713 iuce-

198 3771 272 3837 stas
299 3759 445 3862 nuptias
478 3757 567 3837 inire
596 3759 888 3865 praesumpserit,
910 3781 973 3863 per
1001 3758 1193 3863 Episcopus
1219 3783 1240 3833 a
1268 3781 1363 3837 oom-

197 3881 364 3960 munione
393 3895 500 3988 atque
528 3883 632 3962 altari
661 3897 838 3976 arceatur,
863 3862 1065 3988 captivetur
1083 3893 1120 3962 et
1139 3879 1218 3959 aliis
1238 3883 1362 3986 poeuis

199 4007 376 4084 canonicis
395 4005 586 4102 afficiatur,
604 4019 645 4084 ut
658 4005 880 4111 peregrinam
896 4005 1124 4110 spuriumque
1143 4005 1364 4085 coniunctio-
1437 4113 1440 4123 ,

268 4231 308 4306 (1)
328 4234 491 4294 vtdouano
518 4235 659 4292 eruditam
684 4233 913 4292 instructionem
937 4233 994 4292 diet
1012 4241 1047 4292 24
1067 4235 1176 4292 martit
1195 4241 1265 4294 4858
1282 4235 1360 4308 apud

203 4323 422 4394 (turp-Cretoni,
447 4323 569 4397 coena.
595 4324 705 4382 morat.
726 4329 747 4380 t.
766 4327 794 4380 2.
813 4322 916 4382 odunt.
936 4329 1008 4381 noto
1025 4326 1058 4380 Β.
1077 4337 1148 4396 pop.
1168 4329 1222 4380 ⁶38
1235 4332 1262 4382 et
1282 4339 1362 4396 seqq.

201 4411 265 4468 edit.
287 4408 392 4470 Romae
412 4413 493 4469 1875.
