3456 5300
869 512 902 521 -
925 478 964 538 52
986 509 1022 522 -

365 607 409 684 de
437 603 652 682 matrimonii
680 601 945 708 impedimento,
974 627 1017 682 ex
1054 599 1210 706 generali
1239 603 1414 708 principio
1442 602 1535 683 deli·

365 728 536 808 niendum
555 727 658 823 foret,
677 752 750 806 rem
771 727 807 804 in
827 727 904 806 iure
933 752 1010 806 esse
1031 726 1199 821 dubiam,
1222 739 1258 806 et
1277 727 1357 806 ideo
1377 727 1414 806 in
1433 727 1534 807 eius-=

367 854 461 932 modi
476 852 672 959 imperfecti
687 865 789 931 actus
804 850 982 930 adiunctis
998 851 1289 958 impedimentum
1301 877 1373 930 nou
1387 852 1526 932 adesse.

446 985 482 1056 6.
515 982 582 1055 Pro
609 976 711 1082 praxi
740 989 859 1056 tamen
889 975 926 1053 in
962 974 1041 1079 foro
1070 987 1230 1070 externo,
1272 1000 1351 1054 cum
1390 975 1433 1054 de
1472 1001 1531 1054 co-

366 1099 450 1205 pula
479 1113 634 1194 constat,
666 1124 805 1206 semper
833 1097 1131 1205 praesumendum
1174 1111 1228 1176 est
1270 1122 1334 1202 pro
1378 1097 1530 1204 impedi-

366 1237 484 1302 mento
512 1236 709 1303 contracto.
729 1222 866 1301 -ldcm
894 1221 1193 1328 praesumendum
1235 1223 1342 1301 etiam
1371 1223 1408 1300 iu
1448 1223 1529 1328 soro

366 1348 505 1427 interno
532 1373 611 1426 oum
640 1347 684 1426 de
713 1350 874 1451 opposito
903 1371 974 1424 non
1008 1358 1171 1440 constat,
1209 1347 1294 1449 quia
1332 1344 1530 1451 prudenter

366 1469 536 1550 iudicium
564 1470 703 1548 elicitur
731 1495 773 1548 ex
804 1471 1036 1547 communiter
1064 1469 1368 1572 contingentibus.
1401 1473 1531 1548 Contra

367 1598 398 1675 si
418 1609 515 1676 certo
535 1607 686 1690 constet,
709 1595 978 1674 seminationem
998 1592 1171 1672 alterutra
1191 1606 1350 1699 exparte
1366 1617 1436 1670 non
1452 1618 1533 1672 esse

364 1733 538 1814 secutam,
570 1720 695 1825 nequit
723 1720 760 1797 in
791 1721 871 1823 soro
908 1716 1140 1798 conscientiae
1178 1745 1240 1824 pro
1278 1717 1534 1824 impedimento¹

366 1851 544 1928 sententia
564 1847 647 1926 lerri
668 1849 682 1950 (
712 1847 742 1948 ).

448 1980 484 2050 7.
517 1971 569 2050 ld
598 1971 808 2050 affinitatem
836 1983 955 2050 autem
983 1969 1264 2050 contrahendam
1301 1970 1391 2048 nihil
1420 1969 1535 2047 inter-

372 2109 426 2173 est
455 2121 501 2173 an
529 2121 682 2202 persona
710 2097 930 2174 consenserit
964 2095 1127 2200 copulae,
1168 2095 1224 2174 rel
1266 2118 1337 2172 non
1379 2117 1530 2172 consen·

369 2221 478 2299 serit:
511 2221 561 2299 ita
589 2233 629 2299 ut
657 2220 814 2300 affinitas
841 2221 977 2299 oriatur
996 2243 1040 2297 en
1059 2219 1186 2324 copula
1205 2217 1329 2298 habita
1349 2243 1428 2296 crrnr
1447 2217 1534 2294 dor-

371 2347 517 2440 miente,
548 2346 661 2441 ebria,
693 2359 847 2440 amente,
871 2359 1008 2440 coacta,
1031 2345 1241 2448 ignorante:
1273 2346 1358 2450 quia
1377 2343 1530 2422 uniones

370 2467 543 2548 eiusmodi
572 2469 616 2548 ad
646 2470 911 2573 generationem
938 2469 1139 2565 sufficiunt;
1184 2494 1287 2548 secus
1328 2470 1358 2546 si
1399 2467 1526 2572 copula

371 2591 566 2672 haberetur
593 2617 674 2670 cum
701 2606 855 2688 mortua,
886 2591 981 2696 quod
1010 2591 1103 2669 idem
1129 2591 1218 2670 loret
1256 2616 1297 2668 ac
1334 2589 1529 2669 haberetur

369 2740 448 2793 cum
477 2713 573 2818 liguo
602 2717 617 2819 (
646 2715 676 2816 ).

448 2847 484 2918 8.
519 2839 737 2918 Secortdom:
766 2837 1067 2930 Quemadmodum
1087 2839 1394 2943 consanguinitas,
1417 2838 1466 2916 ita
1491 2852 1528 2917 et

366 2964 523 3043 affinitas
551 2979 627 3044 orta
657 2990 700 3043 ex
729 2965 855 3070 copula
884 2963 1061 3066 coniugali
1090 2965 1353 3043 matrimonium
1373 2964 1455 3042 olim
1474 2962 1532 3041 di·

366 3088 518 3168 rimebat
545 3115 659 3194 usque
688 3089 733 3168 ad
762 3087 950 3194 septimum
976 3087 1131 3192 gradum
1160 3087 1232 3193 (3).
1261 3091 1364 3167 Nunc
1392 3101 1526 3182 autern,

367 3211 594 3291 ecclesiastici
623 3209 805 3292 sanctione
834 3211 936 3307 iuris,
968 3211 1124 3290 affinitas
1152 3225 1230 3290 orta
1258 3237 1302 3289 ex
1330 3211 1458 3318 copula
1482 3211 1531 3288 li-

368 3334 440 3412 ct'to
468 3335 731 3414 matrimonium
760 3335 894 3414 dirimit
922 3361 1036 3442 usque
1078 3335 1123 3413 ad
1165 3347 1335 3441 quartum
1375 3335 1530 3440 produnt

366 3457 541 3536 inclusive
570 3458 644 3564 (l)
663 3463 755 3537 -Ex
783 3460 909 3564 copula
938 3473 1057 3538 autem
1086 3457 1217 3538 illicita
1246 3460 1404 3539 affinitas
1446 3461 1528 3538 olim

368 3582 446 3660 iure
466 3579 695 3662 decretalium
710 3580 901 3662 dirimebat
914 3583 968 3661 uti
985 3607 1028 3660 er
1044 3583 1141 3662 licita
1161 3609 1275 3688 usque
1294 3583 1339 3662 ad
1359 3598 1528 3689 quartum

369 3703 518 3808 gradum
547 3706 619 3809 (5).
651 3711 781 3785 Verum
809 3705 915 3786 hodie
943 3733 985 3785 en
1015 3706 1205 3786 novissimo
1225 3709 1424 3788 tridentini
1454 3709 1532 3788 iure

439 3951 475 4025 (1)
495 3952 542 4010 Clr
560 3953 815 4027 Sclrmalzgrueber
835 3955 888 4013 tib.
909 3961 935 4010 7.
957 3956 1003 4012 tit.
1027 3959 1069 4010 tt.
1089 3971 1141 4012 no.
1162 3961 1259 4013 77-77.

439 4039 477 4115 (2)
497 4041 621 4099 souchez
641 4043 688 4100 cit.
712 4043 763 4102 tto.
784 4051 810 4102 7.
831 4045 908 4117 disp.
927 4049 970 4100 ot.
992 4059 1044 4102 rto.
1068 4047 1165 4102 77-78.

439 4131 474 4204 (3]
494 4134 609 4188 constat
633 4147 670 4188 ox
700 4147 761 4205 cap.
790 4133 910 4190 nultum
932 4137 959 4189 7.
977 4141 1004 4190 ct
1025 4147 1086 4203 cap.
1113 4131 1282 4205 acqualiter
1307 4139 1349 4192 77.
1370 4148 1461 4192 coeco
1484 4139 1532 4192 75.

367 4227 480 4292 aanor.
500 4225 528 4277 7.

438 4309 478 4386 (t)
498 4315 538 4370 Ex
557 4312 682 4370 Concilio
702 4313 883 4370 Lateranensi
902 4315 1036 4380 1V‚utex
1055 4327 1117 4384 cap.
1138 4329 1196 4372 nort
1209 4313 1372 4372 debet8.de
1389 4327 1526 4386 emesanp.

360 4405 394 4455 ot
411 4397 520 4471 affluit.

440 4486 476 4559 (5)
495 4487 547 4546 (lit.
569 4501 631 4562 cap.
655 4503 712 4547 non
730 4489 819 4547 debet.
