3444 5302
675 431 829 494 „ffi-

170 578 298 632 uarum
324 551 371 632 ab
398 552 520 634 eodem
548 555 669 660 stipite
697 556 856 660 proximo
882 581 946 661 per
965 555 1142 636 carnalem
1158 579 1333 661 propaga-

170 678 302 758 tionem
329 677 620 759 descendantium
651 679 725 784 (t).
748 680 883 758 -Hinc
911 693 950 758 ut
970 679 1127 782 legitimo
1145 704 1188 758 aa
1208 681 1333 756 matri-

169 801 288 880 monio
315 801 405 896 nati,
437 803 487 880 ita
506 805 612 882 ctiam
640 803 813 906 illegitimi
834 818 870 883 ct
889 804 1003 910 spurii
1022 803 1171 882 veniunt
1191 801 1332 882 nomine

169 925 526 1028 consanguineorum,
557 927 642 1032 qnia
676 928 752 1006 iura
790 926 946 1006 naturali
979 926 1140 1032 inspecto
1165 951 1209 1004 er
1238 950 1333 1004 com-

169 1050 268 1130 muni
304 1052 477 1153 sanguiue
506 1051 749 1148 descendunt;
785 1065 893 1156 atquc
931 1050 1010 1130 ideo
1042 1051 1103 1130 ubi
1141 1053 1259 1154 agitur
1286 1049 1330 1128 de

172 1175 385 1257 matrimonii
423 1175 673 1280 impedimento
705 1176 761 1256 val
789 1175 1073 1281 dispensatione,
1113 1171 1249 1254 nulluin
1277 1173 1332 1252 la·

169 1300 334 1380 ciendum
349 1313 404 1378 est
419 1300 582 1378 intereos
597 1298 786 1378 discrimen
801 1299 874 1406 (2).
890 1345 913 1360 -
924 1303 1077 1403 Insuper
1092 1299 1330 1378 ecclesiastico

170 1424 295 1504 saltem
324 1425 400 1503 iura
429 1425 720 1526 consanguinitas
747 1423 1003 1526 significatione
1040 1423 1211 1529 accipitur
1239 1421 1327 1519 lata,

170 1563 207 1626 et
234 1547 503 1654 comprehendit
532 1573 603 1627 non
634 1563 774 1628 tanturn
802 1573 862 1628 aus
890 1565 926 1628 et
953 1573 1027 1644 aaa,
1058 1549 1120 1652 qui
1157 1573 1200 1626 ex
1229 1560 1330 1652 parta

168 1673 281 1777 patris
295 1684 402 1776 ctpcr
420 1671 550 1752 lineam
568 1672 799 1752 masculinam
818 1671 995 1750 coniuncti
1015 1684 1113 1764 sunt,
1145 1683 1181 1748 et
1205 1681 1331 1773 agnati

172 1795 422 1900 appellantur3
454 1794 516 1872 sed
544 1820 603 1874 eos
631 1797 738 1874 etiam
765 1797 827 1900 qui
857 1821 900 1874 er
928 1809 1029 1901 parte
1049 1807 1188 1874 tantum
1207 1796 1330 1872 matris

168 1945 231 2000 sau
260 1946 322 2026 per
350 1921 481 2000 lineam
508 1933 704 2002 maternam
733 1925 911 2002 coniuncti
940 1936 1038 2018 sunt,
1061 1935 1096 2001 et
1115 1922 1257 2026 cognati
1275 1921 1330 2000 di-

167 2059 299 2125 cuntur
327 2045 401 2150 (3).

247 2178 284 2246 9.
317 2173 361 2248 ln
389 2170 699 2272 consanguinitate
718 2170 786 2250 tria
801 2183 885 2248 suut
905 2169 1172 2272 distinguenda,
1194 2168 1330 2248 scilicet

167 2291 288 2397 stipes,
321 2293 470 2397 paudus,
504 2293 614 2381 linco,
648 2319 690 2374 ex
723 2294 855 2400 quibus
877 2292 983 2378 arbor
1010 2292 1330 2392 consanguinitatis

167 2420 402 2522 componitur.

247 2540 362 2646 Stipes
387 2557 442 2620 ast
469 2567 638 2646 persona,
666 2567 685 2617 a
705 2567 776 2644 qua
796 2541 886 2620 aliae
905 2565 1092 2645 personae,
1115 2540 1159 2619 da
1178 2565 1330 2645 quarum

165 2665 432 2770 propinquitate
451 2665 649 2770 quaeritur,
663 2663 884 2744 descendunt
903 2687 966 2742 sau
986 2665 1157 2768 originem
1176 2663 1325 2744 ducunt.

248 2787 387 2866 Gradus
415 2801 471 2867 est
498 2787 668 2896 distantia
698 2786 804 2864 unius
831 2811 1004 2892 personae
1033 2786 1078 2864 ab
1098 2787 1209 2866 altera
1230 2787 1267 2865 iu
1287 2787 1330 2864 li·

167 2937 234 2990 nea
262 2911 600 3016 consanguinitatis

243 3035 354 3116 Linea
372 3035 693 3140 consanguinitatis
711 3050 766 3114 ast
780 3037 890 3114 series
905 3060 969 3114 seu
983 3035 1145 3114 collectio
1158 3034 1324 3114 ordinata

167 3182 399 3263 personarum
418 3157 463 3237 ab
482 3157 604 3238 eudem
623 3161 745 3263 stipite
764 3157 1069 3236 descendentium.
1088 3201 1112 3218 -
1131 3159 1241 3236 Linea
1261 3156 1330 3236 du-

165 3282 249 3387 plex
264 3295 336 3360 est:
355 3282 424 3359 alia
446 3293 557 3368 rectu,
575 3295 611 3362 at
629 3295 683 3361 ast
697 3283 806 3361 series
821 3305 1069 3386 personarum,
1087 3305 1239 3386 quarum
1254 3305 1327 3358 una

163 3406 211 3486 ab
228 3405 338 3485 altera
357 3406 568 3508 originatur.
592 3403 759 3484 Bilariam
774 3401 1032 3500 subdividitur,
1051 3405 1216 3484 nimirum
1231 3405 1269 3482 in
1284 3403 1329 3482 li·

163 3555 271 3612 ncam
289 3529 585 3618 descendentium,
606 3529 727 3635 inqua
743 3530 973 3608 continentur
987 3553 1160 3634 personae
1174 3551 1267 3634 quaa
1282 3525 1328 3604 ab

165 3655 444 3736 ascendentibus
472 3654 693 3750 derivantur,
724 3667 765 3732 ut
793 3653 870 3748 filii,
903 3665 1064 3759 nepetae,
1095 3662 1325 3759 pronepotes,

163 3779 376 3882 abnepotes,
401 3791 437 3858 et
464 3780 501 3856 in
519 3777 649 3856 lineam
663 3777 941 3866 ascendentium,
959 3777 996 3854 in
1011 3802 1082 3882 qua
1097 3786 1328 3856 recensentur

163 3900 206 3996 ii,
230 3927 250 3976 a
265 3899 397 4006 quibus
412 3899 473 3978 alii
488 3899 623 3980 ducunt
644 3900 830 4003 originem,
850 3912 889 3978 ut
901 3911 1018 4004 pater,
1030 3923 1138 3996 avus,
1155 3921 1324 4002 proavus,

236 4055 273 4127 (1)
293 4058 325 4108 v.
347 4057 472 4112 sanabat
493 4056 544 4112 lib.
565 4063 590 4112 7.
612 4055 685 4128 disp.
706 4063 750 4113 50.
771 4073 802 4113 n.
827 4063 848 4112 t.
871 4058 960 4114 citans
982 4056 1179 4114 bubomam.
1201 4083 1233 4096 -
1253 4057 1324 4110 Item

163 4146 285 4218 Pirbtng
305 4143 357 4201 uu.
379 4151 403 4199 t.
424 4145 471 4202 tit.
493 4151 535 4200 m.
558 4163 588 4202 n.
610 4150 635 4201 t.
1253 4213 1256 4220 Ι

236 4232 272 4303 ll)
291 4233 361 4289 Pirr.
382 4233 539 4290 Corradus:
556 4233 664 4290 Praete
681 4233 839 4304 cunenses.
860 4235 911 4291 ltb.
932 4241 958 4290 7.
979 4249 1001 4290 c.
1024 4239 1048 4288 t.
1069 4249 1099 4289 n.
1119 4239 1147 4288 c.

239 4322 272 4390 (3)
292 4321 408 4392 Plrbing
427 4321 445 4377 l.
465 4337 488 4377 c.
509 4338 539 4379 n.
560 4329 590 4380 aa
609 4350 645 4362 —
664 4326 783 4380 Lauren.
805 4323 856 4380 tib.
878 4330 902 4380 t.
924 4323 970 4382 te't.
993 4329 1035 4379 tt.
1056 4330 1165 4394 quent.
1186 4327 1247 4378 220.

235 4449 373 4491 massanus.
390 4446 421 4490 lte
434 4444 630 4504 impedimentis.
1263 4450 1277 4490 a
