3402 5292
670 413 785 474 -3ll
810 445 847 458 -

170 535 357 638 giuitatem
387 536 594 642 praedictae
623 537 741 616 Iuliae.
764 535 1087 642 adstruuntipse,
1111 535 1271 641 inquam,
1294 537 1344 615 ci-

170 671 268 740 tatus
283 677 407 742 auctor
423 661 469 740 ad
488 662 719 766 incorruptae
733 661 951 764 virginitatis
968 659 1198 764 agrsrtioucm,
1216 661 1340 742 relicto

169 781 333 887 bymeuis
348 787 464 890 siguo,
484 786 572 864 baec
592 786 714 865 docet:
749 815 768 860 ‹
788 783 1055 864 consideranda
1083 809 1160 864 sese
1185 785 1339 865 offerunt

173 937 192 980 ‹
217 908 255 986 iu
284 909 352 990 bac
371 924 472 1015 parte
488 911 572 1005 tria,
591 934 719 1014 nempe
738 908 964 1014 magnitudo,
986 907 1097 996 color,
1117 923 1154 989 et
1168 907 1342 1015 colligan-

172 1063 193 1106 <
218 1033 270 1111 tiu
284 1065 320 1112 a.
341 1039 386 1114 Et
399 1034 552 1113 subinde
567 1034 757 1138 descriptis
771 1033 1071 1140 symptomatibus
1081 1033 1198 1140 quoad
1215 1061 1344 1114 carun·-

173 1156 289 1252 culas,
309 1158 460 1237 colorem
475 1171 511 1236 et
527 1158 694 1236 unionem
710 1157 866 1262 partium
881 1169 957 1236 tum
977 1159 1015 1234 iu
1034 1157 1234 1260 virginibus
1265 1171 1342 1237 tum

176 1280 214 1356 iu
241 1281 432 1387 corruptis,
455 1281 718 1386 assignatisque
733 1281 899 1383 congruis
913 1279 1128 1375 rationibus,
1146 1279 1339 1360 concludit:

177 1410 349 1512 «ltaque
378 1407 466 1485 baec
494 1406 611 1485 omnia
639 1407 741 1508 signa
769 1405 875 1484 simul
903 1405 1160 1510 conspirantia,
1183 1405 1342 1509 integrae

177 1559 197 1602 ¹a
220 1529 439 1632 virginitatis
453 1529 655 1610 evidentem
669 1531 910 1610 coniecturam
927 1529 1116 1634 praebent.
1140 1533 1228 1608 Nam
1247 1527 1343 1635 quod

179 1652 362 1756 «singula
390 1678 455 1758 per
482 1679 521 1733 se
549 1653 673 1732 testari
702 1678 774 1732 nou
801 1667 966 1759 possunt,
998 1651 1103 1732 simul
1123 1653 1224 1732 unita
1243 1666 1345 1759 pote-

177 1805 197 1848 ‹
222 1789 320 1854 runt.
353 1775 588 1865 Quamobrem
616 1777 646 1856 si
675 1777 769 1854 ultra
798 1777 887 1855 baec
913 1778 1006 1882 ipsa,
1024 1802 1116 1882 quae
1144 1777 1212 1854 iam
1242 1789 1346 1856 nota·-

179 1898 350 1992 «rimus‚
382 1925 424 1978 ea
452 1925 545 2005 quae
573 1900 665 1978 inlra
694 1899 850 1978 notanda
869 1900 1018 1980 veniunt
1038 1899 1276 2006 apparebunt,
1300 1899 1343 1980 de

177 2053 198 2096 ‹
222 2021 438 2123 virginitatis
467 2022 803 2128 incorruptibilitate
832 2047 903 2100 uun
932 2023 1038 2102 inane
1063 2023 1234 2102 iudicium
1253 2023 1344 2102 lerre

177 2175 198 2218 ι
221 2143 385 2224 licebit»
416 2145 585 2248 (Zaccbia
617 2151 682 2251 op.
714 2146 775 2226 cit.
808 2145 872 2224 lib.
906 2154 943 2224 l.
976 2145 1034 2224 tit.
1067 2155 1104 2224 ἓ.
1137 2158 1273 2252 quaest.
1297 2155 1336 2226 2.

180 2291 242 2346 cu.
275 2267 384 2372 8-9).
425 2267 521 2346 lulra
550 2293 634 2347 vero
670 2269 740 2348 alia
776 2267 926 2374 praebet
962 2269 1063 2372 signa
1097 2295 1141 2349 eu
1179 2269 1345 2376 nymphis

178 2393 265 2499 (aa.
302 2393 464 2498 10-11),
504 2417 548 2472 err
576 2393 658 2472 sinu
687 2393 833 2500 pudoris
871 2419 935 2474 seu
967 2393 1134 2474 tussicula
1171 2394 1234 2502 (c.
1270 2395 1343 2498 ll)

180 2516 345 2620 aliisque.
377 2521 474 2595 Haec
501 2516 703 2596 meminisse
731 2517 885 2612 iuvabit,
915 2519 1000 2622 quia
1028 2518 1072 2596 de
1105 2518 1150 2596 iis
1178 2517 1346 2598 obstetri-

179 2663 253 2734 ceS,
277 2663 321 2718 or
340 2639 455 2718 officio
473 2639 668 2746 deputatae
688 2639 734 2718 ad
770 2665 898 2746 corpus
918 2641 1030 2719 Iuliae
1068 2639 1342 2746 inspiciendum,

178 2765 270 2843 scite
298 2764 509 2869 loquuntur.
533 2807 557 2824 ·-
577 2764 767 2843 Sciendum
795 2777 979 2870 praeterea
1007 2779 1076 2858 est,
1096 2766 1347 2870 praescriptio-
1438 2787 1442 2796 ·

180 2913 247 2966 nes
274 2915 294 2965 a
310 2887 393 2966 fisco
408 2901 444 2966 et
466 2888 681 2966 matrimonii
695 2886 881 2976 delensore
909 2887 1100 2992 requisitas
1114 2889 1151 2966 in
1168 2887 1348 2993 praedicta

180 3010 415 3116 inspectione,
438 3035 564 3117 nempe
587 3021 709 3116 l⁰qu0
728 3011 772 3089 ad
801 3011 1042 3090 iuramentum
1071 3013 1115 3089 ab
1144 3010 1346 3090 obstetrici-

181 3134 263 3230 bus,
286 3149 501 3230 amatroua,
525 3163 545 3214 a
565 3135 711 3214 medicis
729 3148 764 3214 et
783 3135 961 3239 chirurgis
983 3136 1236 3232 emittendum3
1251 3145 1340 3232 -2·,

179 3283 252 3362 quo
272 3257 318 3336 ad
337 3258 491 3337 officium
511 3259 627 3338 abeis
647 3259 917 3364 praestandum,
939 3259 1149 3364 praesertim
1176 3258 1213 3336 iu
1241 3283 1345 3365 prae-

181 3383 239 3460 via
276 3381 507 3462 obstetricum
549 3383 798 3478 instructione,
830 3396 866 3462 et
907 3382 945 3460 in
987 3381 1171 3485 vigilantia
1218 3381 1263 3460 ab
1301 3383 1345 3460 iis

181 3522 220 3588 et
247 3535 268 3585 a
295 3519 457 3586 matrona
493 3505 697 3586 adhibenda
725 3505 810 3584 dum
829 3506 866 3584 iu
887 3505 1015 3585 balneo
1051 3531 1166 3611 aquae
1203 3505 1344 3610 lepidae

181 3633 363 3738 praedicta
378 3632 471 3710 Iulia
485 3643 683 3710 moraretur
697 3655 760 3736 per
781 3644 852 3710 tres
872 3631 981 3709 unius
1001 3629 1108 3708 borae
1124 3629 1344 3734 quadrantes

181 3757 226 3835 ad
244 3756 439 3835 artificialis
458 3756 673 3860 virginitatis
692 3754 841 3834 dubium
856 3754 1281 3858 removendum3-30quo
1300 3753 1345 3832 ad

182 3880 342 3959 sedulam
369 3881 515 3960 seorsim
542 3878 782 3984 peragendam
802 3879 1056 3983 inspectionem
1076 3877 1232 3983 corporis
1250 3876 1347 3956 eius-

146 4073 150 4082 .
182 4002 260 4082 dem
288 4004 347 4082 vix
368 4003 530 4082 abalneo
550 4029 730 4107 egressam
748 4046 772 4064 -
785 4011 822 4081 [ν’
837 4029 908 4107 quo
936 4002 981 4080 ad
1002 4001 1242 4108 depositiones
1260 3999 1347 4080 sub·

181 4125 263 4204 iude
290 4126 439 4206 solemni
467 4126 539 4206 ritu
568 4125 765 4222 faciendam
788 4166 812 4188 -
834 4127 871 4205 5⁰
887 4151 959 4232 quo
975 4124 1205 4224 adjudicium
1242 4125 1345 4204 deni-

179 4275 264 4354 que,
296 4250 504 4356 interposita
534 4249 725 4330 iuramenti
744 4249 929 4352 religione,
952 4247 1136 4326 ferendum
1157 4275 1177 4325 a
1197 4247 1346 4328 medicis

182 4388 218 4454 et
245 4373 421 4480 chirurgis
448 4399 556 4480 super
584 4373 743 4454 eiusdem
771 4385 916 4452 extante
933 4372 993 4452 ¹rel
1020 4370 1207 4478 deperdita
1235 4371 1347 4478 virgi-
