3406 5302
716 473 722 484 ·
801 432 999 492 -2llt-

318 564 373 632 est
402 551 510 631 iudex
538 552 633 631 inter
661 575 722 630 eos
741 552 855 630 solum
875 551 913 629 iu
941 577 1050 630 causa
1070 549 1338 656 appellationis,
1368 564 1404 630 et
1424 574 1494 628 non

318 675 356 749 in
384 697 469 750 casu
498 669 682 776 querelam·
709 670 773 750 sad
802 683 855 749 est
898 669 975 775 ipsc
1005 671 1113 749 iudex
1142 673 1204 776 qui
1228 669 1391 774 primam
1418 695 1496 748 sen-

318 791 467 869 tentiam
497 790 595 888 tnlit,
619 791 675 872 vel
695 797 791 897 Papa
820 791 943 870 eiusve
965 795 1120 895 Legatus
1140 791 1216 897 (t).
1240 837 1264 852 —
1284 797 1330 872 Et
1349 792 1417 870 hac
1436 793 1492 870 via

318 911 486 1015 querelae
514 911 732 990 sententiam
762 913 978 1017 impugnans
1006 911 1252 990 admittendus
1280 926 1317 992 et
1345 912 1496 991 audien-

319 1031 388 1111 dus
407 1046 476 1125 est,
498 1030 602 1110 modo
623 1045 743 1112 tamen
763 1031 921 1136 aliquam
941 1031 1168 1110 verisimilem
1194 1033 1394 1112 iniustitiae
1410 1057 1495 1111 cau-

320 1177 396 1228 sam
425 1151 569 1254 alleget,
601 1166 638 1231 et
666 1151 814 1256 insuper
851 1151 977 1230 offerat
1005 1151 1115 1230 iudici
1158 1177 1289 1230 navum
1318 1153 1493 1247 libellum,

325 1296 396 1375 quo
426 1256 551 1375 petat,
582 1285 624 1350 ut
666 1297 773 1350 causa
803 1273 873 1350 iam
901 1271 1049 1352 delinita
1092 1273 1221 1352 iterum
1251 1272 1296 1350 ad
1326 1273 1498 1352 iudicium

320 1389 520 1470 deducatur
549 1405 584 1470 et
613 1393 794 1471 sententia
821 1404 1008 1470 revocetur
1036 1391 1081 1470 ob
1110 1392 1292 1472 detectum
1320 1418 1489 1472 errorem.

321 1502 433 1590 Iudex
463 1525 611 1602 autem,
643 1524 838 1616 antequam
867 1510 1036 1590 admittat
1073 1511 1256 1617 querelam
1287 1510 1331 1590 ad
1361 1513 1496 1592 resciu-

321 1630 476 1710 dendam
505 1630 735 1726 sententiam,
753 1631 899 1735 praevia
927 1629 1035 1709 dehet
1063 1631 1267 1736 expendere
1295 1634 1498 1735 cognitione

322 1753 515 1831 summaria
543 1752 734 1831 adductam
777 1750 977 1830 iniustitiae
1005 1775 1175 1848 causam;
1216 1768 1326 1857 atque
1355 1751 1439 1831 iude
1468 1753 1497 1830 si

321 1873 504 1976 querelam
532 1873 702 1952 decernat
739 1872 943 1964 admittere,
976 1875 1144 1952 restituet
1180 1874 1423 1977 postulantem
1450 1871 1497 1950 ud

321 1991 559 2072 audientiam.
584 1997 680 2072 Haec
698 2007 869 2072 constant·
886 2018 929 2072 en
949 1992 1118 2071 decretali
1141 1993 1343 2072 iunocentii
1363 1998 1417 2072 111
1437 1997 1496 2100 (Ξ)

322 2114 570 2193 decernentis:
594 2121 640 2192 Et
668 2111 715 2190 ad
733 2111 955 2192 audientiam
985 2113 1204 2192 restituimus
1225 2139 1303 2191 eom
1330 2139 1396 2216 pro
1416 2140 1494 2192 mo·

325 2235 492 2312 trimonio
515 2233 770 2339 postulantem.

403 2365 440 2434 5.
474 2362 524 2432 De
552 2352 807 2459 appellatione.
840 2397 863 2412 -
895 2353 972 2430 «Si
1003 2351 1160 2432 aiudice
1179 2377 1243 2457 pro
1271 2353 1488 2430 matrimonii

322 2473 552 2554 «validitate
582 2473 814 2566 iudicabitur,
846 2487 882 2551 et
910 2472 1032 2550 nullus
1061 2472 1108 2550 sit
1135 2472 1198 2576 qui
1228 2473 1398 2576 appellet,
1417 2472 1491 2577 ipse

324 2625 341 2667 t
365 2595 546 2699 (defensor
575 2591 799 2672 matrimonii
819 2618 861 2670 aa
890 2592 1017 2697 officio)
1038 2591 1146 2670 etiam
1175 2592 1220 2670 ab
1249 2592 1490 2698 appellatione

324 2739 403 2792 «se
432 2713 680 2792 abstineat...
713 2711 775 2791 Sin
814 2725 935 2790 autem
962 2727 1087 2790 contra
1116 2713 1333 2791 matrimonii
1366 2711 1494 2790 validi-

319 2863 337 2905 t
362 2845 474 2910 tatem
495 2833 675 2912 sententia
693 2832 843 2926 teratur,
867 2829 1032 2910 defensor
1043 2834 1137 2910 inter
1157 2832 1317 2935 legitima
1338 2847 1496 2937 tempora

320 2984 337 3026 ‹
362 2953 561 3057 appellabit
589 2953 789 3031 adhaerens
809 2956 904 3055 parti
923 2977 1017 3056 quae
1036 2976 1101 3057 pro
1129 2949 1316 3030 validitate
1344 2951 1493 3054 agebam

322 3100 443 3153 «oum
473 3087 593 3152 autem
621 3076 657 3152 in
687 3071 819 3150 iudicio
848 3097 952 3150 nemo
981 3096 1076 3150 unus
1104 3072 1165 3164 sit,
1189 3071 1251 3176 qui
1280 3097 1344 3177 pro
1373 3071 1497 3149 matri·

325 3195 475 3273 «monii
504 3193 690 3272 validitate
732 3193 914 3293 negotium
942 3169 1102 3287 insistit,
1133 3191 1191 3268 vel
1219 3191 1249 3268 si
1279 3191 1387 3286 adsit,
1421 3191 1494 3268 lata

323 3327 488 3392 «contra
517 3339 598 3392 eum
640 3311 849 3406 sententia,
881 3310 1054 3390 iodicium
1082 3308 1307 3404 deseruerit,
1343 3311 1492 3415 ipsoex

323 3433 479 3512 «officio
508 3431 552 3510 ad
582 3432 802 3537 superiorem
830 3430 983 3509 iudicem
1012 3431 1220 3534 provocabit
1252 3463 1271 3504 s
1303 3431 1317 3532 (
1347 3431 1377 3535 ).

402 3562 439 3631 6.
472 3553 672 3658 Appellatio
710 3566 829 3630 autem
859 3549 1033 3631 eiusmodi
1075 3550 1291 3654 repuleritar
1335 3550 1497 3631 iacienda

323 3688 378 3755 est
405 3699 523 3752 coram
552 3671 670 3750 iudice
711 3671 774 3775 qui
802 3671 887 3754 tulit
915 3673 1160 3766 sententiam,
1183 3684 1224 3749 ut
1252 3697 1296 3749 en
1325 3670 1497 3749 decretali

321 3792 520 3872 Innocentii
550 3794 604 3870 ΙΙΙ
633 3790 707 3894 (t).
740 3790 843 3869 Dixi:
875 3790 1117 3895 annulorum·
1145 3791 1238 3868 lallit
1257 3793 1352 3870 anim
1371 3789 1495 3892 regula

373 4007 413 4082 (l)
433 4009 501 4078 Cap.
521 4019 589 4063 cnm
610 4007 633 4070 t,
657 4003 691 4059 aa
709 4001 803 4074 officio
824 4001 923 4074 lopati,
946 4017 1007 4073 cap.
1028 4001 1195 4074 pastoralis
1216 4007 1259 4070 m,
1287 4004 1321 4060 de
1338 4001 1430 4075 officio
1448 4003 1492 4058 tn·

320 4097 395 4155 diets
413 4094 578 4162 ordinanti,
602 4092 724 4162 Pirhing
743 4091 762 4148 t.
783 4107 806 4148 a.
827 4107 858 4148 n.
880 4097 926 4148 at.

376 4181 417 4258 (a)
437 4187 503 4255 Cap.
525 4198 559 4240 an
577 4179 686 4239 titteris
705 4185 738 4246 t,
762 4179 796 4236 da
814 4180 848 4235 in
867 4179 1018 4251 inlapsum
1037 4179 1233 4236 restitutione.
1248 4211 1266 4220 -
1281 4179 1353 4262 Vide
1372 4179 1492 4250 Pirhing

324 4274 343 4330 ι’
367 4276 602 4432 {diligentum
626 4358 688 4416 XIV
706 4362 796 4414 const.
818 4355 868 4412 Dn'
886 4353 1074 4412 miseratione
1100 4354 1129 4424 S.
1151 4361 1179 4410 8.
1192 4356 1351 4426 -tppmd
1368 4361 1394 4412 t·
1408 4355 1493 4415 turn.

374 4445 414 4520 (4)
434 4449 500 4518 Cap.
521 4452 555 4504 nt
574 4443 687 4503 debitus
704 4449 748 4512 59,
772 4443 805 4500 aa
824 4441 1092 4516 appellationibus.
