3402 5292
870 551 908 566 ..
929 519 988 582 326
1008 553 1046 568 -

375 671 455 725 cum
487 644 774 751 depositionibus
801 643 916 724 Iuliae
929 671 1002 752 quo
1020 645 1066 724 ad
1086 671 1128 725 ea
1146 671 1239 750 quae
1254 657 1390 724 secreto
1417 669 1548 724 crene-

375 783 471 848 rant.
504 769 571 847 llla
600 769 708 862 enim,
740 781 881 874 praeter
910 783 1027 848 cetera
1048 770 1116 848 iam
1145 791 1254 873 supra
1282 767 1466 874 relata(a.
1487 766 1543 872 l),

376 877 530 971 maritali
559 892 703 970 licentia
731 892 848 997 potuit
877 891 986 996 probe
1013 917 1160 971 noscere
1184 893 1241 970 sui
1268 891 1336 968 riri
1356 889 1541 994 genitalia,

377 1031 413 1096 et
432 1017 476 1095 de
496 1017 540 1095 iis
569 1015 770 1121 deponere:
806 1015 872 1094 Che
899 1015 1123 1121 disectavocc
1150 1015 1188 1094 dt'
1212 1013 1412 1120 piccclezza
1439 1041 1457 1092 e
1480 1039 1546 1119 per

379 1142 413 1220 lo
436 1143 503 1248 pita
531 1167 667 1246 semprc
692 1139 835 1246 floccida
854 1141 949 1244 (Act.
971 1140 1037 1245 sol.
1062 1139 1144 1245 tl);
1175 1140 1235 1219 cbc
1262 1139 1404 1245 quoodo
1429 1163 1546 1244 appo-

379 1265 461 1344 rico
489 1265 635 1372 qualche
659 1263 794 1371 piacola
821 1289 925 1369 sepau
952 1263 991 1342 di
1018 1264 1175 1344 oracione
1202 1277 1421 1343 somello...
1444 1262 1482 1340 ld
1510 1262 1547 1340 ld

380 1389 657 1496 s't'csloccidioo,
678 1415 697 1467 ο
712 1413 885 1494 sparpeco
901 1388 1047 1495 qaolcbe
1057 1388 1191 1495 piccolo
1206 1415 1295 1468 serae
1310 1389 1376 1495 (t'd.
1384 1387 1450 1492 sol.
1460 1389 1543 1492 20),

379 1516 476 1621 qued
505 1539 625 1594 semen
653 1539 732 1592 cum
763 1527 886 1617 postea
914 1512 1099 1607 describit,
1131 1525 1233 1618 patet
1259 1513 1368 1592 luisse
1396 1539 1467 1592 non
1488 1538 1549 1592 re·

381 1665 460 1718 rum
489 1665 529 1718 ac
556 1637 737 1718 laudabile
765 1661 919 1742 sperma,
951 1651 992 1716 ut
1013 1637 1159 1733 Zacchia
1181 1638 1352 1741 loquitur,
1379 1636 1442 1716 sed
1462 1661 1551 1741 spu-

380 1765 472 1841 rium
487 1789 528 1842 ac
547 1762 775 1842 inleeundum
791 1761 966 1866 (ibidfol.
986 1771 1035 1842 20
1052 1773 1141 1866 terp.
1140 1761 1177 1866 ).
1196 1761 1299 1841 Unde
1314 1775 1383 1840 est:
1405 1761 1472 1840 Gbc
1488 1786 1549 1838 ao-

383 1900 468 1966 toca
488 1885 600 1965 ialal
627 1885 729 1965 calla
747 1885 786 1964 di
804 1885 938 1972 catara,
967 1885 1053 1964 occi
1080 1911 1153 1964 aaa
1180 1885 1372 1990 [reddezac
1399 1883 1552 1990 placiule

382 2011 449 2116 (ibi
481 2009 546 2116 sol.
576 2021 623 2091 23
655 2024 744 2118 terp.
743 2013 780 2116 ).
805 2011 998 2116 Subiungit
1017 2013 1170 2117 loseph:
1209 2011 1276 2091 Cle
1298 2011 1439 2117 qaortdo
1467 2005 1560 2088 Coto

383 2133 435 2212 mi
462 2133 596 2238 confide
623 2133 662 2212 di
689 2159 759 2213 aaa
795 2161 882 2212 oum
906 2146 1030 2239 petato
1066 2159 1272 2214 consumare
1309 2133 1338 2212 it
1364 2133 1554 2212 matrimo-

385 2259 461 2345 nio,
491 2257 525 2336 ic
551 2257 604 2362 pli
630 2257 719 2336 dissi
746 2259 805 2338 ebe
832 2258 942 2336 doceo
961 2258 1139 2362 sepulture
1166 2257 1306 2337 lecara
1333 2259 1381 2337 do
1399 2283 1454 2337 me
1468 2283 1554 2363 pra-

386 2381 579 2486 scrittupli,
604 2409 671 2488 per
698 2382 734 2461 lo
763 2382 868 2488 paule
893 2381 1041 2462 ocrebbe
1064 2393 1188 2488 potata
1215 2407 1321 2462 acere
1349 2407 1397 2460 aa
1417 2379 1552 2487 piacola

386 2507 500 2614 effettc
527 2507 616 2612 dopo
643 2506 745 2585 molti
763 2507 862 2586 mesi.
895 2509 1000 2586 Caius
1019 2531 1141 2585 revera
1171 2507 1279 2584 buius
1307 2506 1399 2585 tanti
1424 2503 1551 2583 medici

386 2631 606 2736 aliorumque
634 2631 779 2712 consilia
808 2631 966 2710 studiose
994 2631 1174 2711 adhibuit.
1206 2637 1251 2710 tt
1271 2655 1403 2735 parvus
1422 2629 1482 2708 ille
1501 2626 1553 2706 ef·

386 2753 501 2834 lectus
515 2779 620 2859 quem
636 2757 689 2832 uir
704 2753 1168 2861 prestolabatur‚quemque
1183 2753 1387 2859 possibilem
1406 2751 1480 2830 lore
1496 2755 1555 2830 lo-
1699 2789 1700 2824 r

387 2881 476 2985 seplr
491 2877 749 2975 arbitrabatur,
768 2879 998 2985 viripotentia
1018 2903 1144 2984 nempe
1159 2879 1285 2957 saltem
1304 2877 1500 2971 sufficiens,
1513 2889 1556 2953 ut

387 3017 490 3108 puto,-
504 3003 549 3082 ad
564 3003 827 3084 matrimonium
842 3003 1172 3098 consummandum,
1186 3027 1252 3081 nec
1270 3027 1333 3106 per
1352 2999 1551 3091 biennium,

388 3153 454 3207 nec
469 3143 549 3234 post
563 3129 665 3225 illud,
684 3128 847 3234 quamvis
866 3142 901 3207 et
920 3129 1015 3234 apud
1031 3129 1139 3207 alium
1155 3129 1330 3210 medicum
1345 3128 1556 3235 hydropati·

389 3253 440 3329 cis
477 3253 571 3330 curis
608 3267 644 3332 et
681 3251 931 3331 cantharidum
973 3277 1041 3331 usu
1083 3253 1152 3334 sibi
1188 3253 1321 3332 mederi
1358 3249 1557 3357 perrexerit

389 3377 494 3455 Caius
531 3377 615 3484 (Csr
643 3383 721 3456 Act.
751 3375 817 3481 sol.
855 3375 937 3481 Ὦ),
969 3375 1130 3471 allectus,
1170 3377 1331 3482 inquam,
1364 3377 1424 3454 ille
1461 3399 1559 3452 nun·

388 3527 496 3606 quam
524 3503 703 3608 apparuit.
726 3506 836 3580 lramo
863 3527 947 3580 vero
974 3500 1116 3606 patiens
1135 3501 1261 3580 incidit
1279 3500 1317 3578 in
1333 3525 1440 3602 grave
1458 3499 1559 3576 vale-

389 3622 526 3702 tudinis
563 3623 764 3720 discrimen,
804 3637 845 3703 ut
881 3627 988 3702 etiam
1023 3623 1183 3703 medicus
1220 3629 1373 3704 loannes
1408 3623 1556 3728 deponit

390 3747 487 3853 (m
508 3745 574 3851 sd·
600 3747 693 3853 165)
712 3763 749 3827 el
776 3747 1027 3827 fflsslalssstens
1054 3761 1134 3854 post
1162 3747 1231 3826 alia
1251 3749 1356 3852 plura
1383 3745 1557 3825 frustrata

391 3871 506 3948 coitus
535 3871 746 3966 tentamina,
777 3896 822 3949 ne
858 3872 970 3974 magis
1008 3869 1221 3966 tabesceret,
1252 3871 1474 3974 coniugalem
1502 3883 1558 3949 to·

392 4021 469 4073 rum
498 3995 706 4098 indignatus
725 4007 850 4099 sponte
877 3994 1039 4098 reliquit.
1055 3995 1163 4074 -Sed
1192 4020 1450 4101 prosequamur
1468 3993 1557 4072 alias

389 4117 588 4222 peculiares
614 4118 760 4196 testium
779 4117 1031 4222 depositiones.
1050 4119 1206 4197 -lestis
1225 4118 1347 4223 itaque
1367 4131 1423 4196 est
1439 4121 1551 4211 Rosa,

390 4265 484 4346 quae
511 4255 653 4346 praeter
680 4241 937 4348 probationem,
969 4267 1076 4346 quam
1100 4243 1250 4348 praebet
1277 4242 1558 4348 superlalsitatc

391 4364 623 4470 depositionis
651 4365 826 4446 Eusebiae
845 4377 881 4444 et
909 4366 1037 4445 Catulli
1056 4367 1203 4448 testium
1223 4367 1396 4472 septimae
1412 4392 1554 4460 manus,

392 4487 437 4568 de
465 4489 690 4570 antecedenti
728 4489 801 4568 Caii
829 4489 1038 4596 impotentia
1066 4489 1213 4597 iusuper
1241 4502 1395 4571 testatur
1423 4515 1468 4570 er
1496 4491 1558 4587 iis,
