<?xml version="1.0" encoding="UTF-8"?>
<!DOCTYPE html PUBLIC "-//W3C//DTD XHTML 1.0 Transitional//EN"
    "http://www.w3.org/TR/xhtml1/DTD/xhtml1-transitional.dtd">
<html xmlns="http://www.w3.org/1999/xhtml" xml:lang="en" lang="en">
 <head>
  <title>
</title>
<meta http-equiv="Content-Type" content="text/html;charset=utf-8" />
  <meta name='ocr-system' content='tesseract 3.04.00' />
  <meta name='ocr-capabilities' content='ocr_page ocr_carea ocr_par ocr_line ocrx_word'/>
</head>
<body>
  <div class='ocr_page' id='page_1' title='image "./deimpedimentism00mansgoog_0244.png"; bbox 0 0 3406 5302; ppageno 0'>
   <div class='ocr_carea' id='block_1_1' title="bbox 123 489 1344 4456">
    <p class='ocr_par' dir='ltr' id='par_1_1' title="bbox 628 489 803 556">
     <span class='ocr_line' id='line_1_1' title="bbox 628 489 803 556; baseline 0.023 -18"><span class='ocrx_word' id='word_1_1' title='bbox 628 521 666 538; x_wconf 89' lang='lat'>-</span> <span class='ocrx_word' id='word_1_2' title='bbox 684 489 745 556; x_wconf 74' lang='lat'><strong>225</strong></span> <span class='ocrx_word' id='word_1_3' title='bbox 764 524 803 542; x_wconf 89' lang='lat'>-</span> 
     </span>
    </p>

    <p class='ocr_par' dir='ltr' id='par_1_2' title="bbox 131 609 1295 2460">
     <span class='ocr_line' id='line_1_2' title="bbox 138 609 1292 710; baseline 0.003 -20"><span class='ocrx_word' id='word_1_4' title='bbox 138 610 250 691; x_wconf 89' lang='lat' dir='ltr'><strong>natali</strong></span> <span class='ocrx_word' id='word_1_5' title='bbox 278 610 352 690; x_wconf 93' lang='lat' dir='ltr'><strong>solo</strong></span> <span class='ocrx_word' id='word_1_6' title='bbox 378 609 574 690; x_wconf 79' lang='lat' dir='ltr'><strong>abscedens</strong></span> <span class='ocrx_word' id='word_1_7' title='bbox 600 637 673 691; x_wconf 92' lang='lat' dir='ltr'><strong>una</strong></span> <span class='ocrx_word' id='word_1_8' title='bbox 700 637 780 694; x_wconf 91' lang='lat' dir='ltr'><strong>cnm</strong></span> <span class='ocrx_word' id='word_1_9' title='bbox 807 612 931 709; x_wconf 91' lang='lat' dir='ltr'><strong>amita,</strong></span> <span class='ocrx_word' id='word_1_10' title='bbox 952 611 1010 690; x_wconf 92' lang='lat' dir='ltr'><strong>cui</strong></span> <span class='ocrx_word' id='word_1_11' title='bbox 1034 621 1163 694; x_wconf 88' lang='lat' dir='ltr'><strong>nornen</strong></span> <span class='ocrx_word' id='word_1_12' title='bbox 1180 615 1292 710; x_wconf 86' lang='lat' dir='ltr'><strong>Rosa,</strong></span> 
     </span>
     <span class='ocr_line' id='line_1_3' title="bbox 135 735 1294 843; baseline 0.004 -30"><span class='ocrx_word' id='word_1_13' title='bbox 135 735 319 815; x_wconf 89' lang='lat' dir='ltr'><strong>civitatem</strong></span> <span class='ocrx_word' id='word_1_14' title='bbox 348 738 392 814; x_wconf 92' lang='lat' dir='ltr'><strong>N.</strong></span> <span class='ocrx_word' id='word_1_15' title='bbox 424 735 541 840; x_wconf 87' lang='lat' dir='ltr'><strong>petiit.</strong></span> <span class='ocrx_word' id='word_1_16' title='bbox 573 736 761 834; x_wconf 83' lang='lat' dir='ltr'><strong>Thusciam</strong></span> <span class='ocrx_word' id='word_1_17' title='bbox 788 736 916 816; x_wconf 89' lang='lat' dir='ltr'><strong>deinde</strong></span> <span class='ocrx_word' id='word_1_18' title='bbox 934 735 1107 842; x_wconf 88' lang='lat' dir='ltr'><strong>prolecta,</strong></span> <span class='ocrx_word' id='word_1_19' title='bbox 1134 736 1294 843; x_wconf 91' lang='lat' dir='ltr'><strong>quinque</strong></span> 
     </span>
     <span class='ocr_line' id='line_1_4' title="bbox 134 858 1294 966; baseline -0.001 -27"><span class='ocrx_word' id='word_1_20' title='bbox 134 860 275 940; x_wconf 76' lang='lat' dir='ltr'>circiter</span> <span class='ocrx_word' id='word_1_21' title='bbox 302 883 414 938; x_wconf 83' lang='lat' dir='ltr'><strong>annos</strong></span> <span class='ocrx_word' id='word_1_22' title='bbox 442 858 538 966; x_wconf 86' lang='lat' dir='ltr'><strong>apud</strong></span> <span class='ocrx_word' id='word_1_23' title='bbox 566 859 681 940; x_wconf 88' lang='lat' dir='ltr'><strong>virum</strong></span> <span class='ocrx_word' id='word_1_24' title='bbox 709 859 911 966; x_wconf 72' lang='lat' dir='ltr'><strong>praedictae</strong></span> <span class='ocrx_word' id='word_1_25' title='bbox 939 885 1025 939; x_wconf 86' lang='lat' dir='ltr'><strong>suae</strong></span> <span class='ocrx_word' id='word_1_26' title='bbox 1049 859 1178 940; x_wconf 87' lang='lat' dir='ltr'><strong>amitae</strong></span> <span class='ocrx_word' id='word_1_27' title='bbox 1206 859 1294 940; x_wconf 83' lang='lat' dir='ltr'><strong>alibi</strong></span> 
     </span>
     <span class='ocr_line' id='line_1_5' title="bbox 133 983 1295 1090; baseline 0.002 -28"><span class='ocrx_word' id='word_1_28' title='bbox 133 983 246 1088; x_wconf 84' lang='lat' dir='ltr'><strong>degit,</strong></span> <span class='ocrx_word' id='word_1_29' title='bbox 276 1009 428 1090; x_wconf 91' lang='lat' dir='ltr'><strong>quocum</strong></span> <span class='ocrx_word' id='word_1_30' title='bbox 455 983 501 1062; x_wconf 90' lang='lat' dir='ltr'><strong>ad</strong></span> <span class='ocrx_word' id='word_1_31' title='bbox 528 985 677 1066; x_wconf 87' lang='lat' dir='ltr'><strong>ea&#39;ndom</strong></span> <span class='ocrx_word' id='word_1_32' title='bbox 703 985 828 1066; x_wconf 88' lang='lat' dir='ltr'><strong>urbem</strong></span> <span class='ocrx_word' id='word_1_33' title='bbox 855 1009 1011 1082; x_wconf 87' lang='lat' dir='ltr'><strong>reversa,</strong></span> <span class='ocrx_word' id='word_1_34' title='bbox 1032 984 1172 1090; x_wconf 88' lang='lat' dir='ltr'><strong>sibique</strong></span> <span class='ocrx_word' id='word_1_35' title='bbox 1191 1009 1295 1090; x_wconf 89' lang='lat' dir='ltr'><strong>prae—</strong></span> 
     </span>
     <span class='ocr_line' id='line_1_6' title="bbox 134 1108 1295 1216; baseline 0.002 -30"><span class='ocrx_word' id='word_1_36' title='bbox 134 1110 284 1190; x_wconf 81' lang='lat' dir='ltr'><strong>mortuis</strong></span> <span class='ocrx_word' id='word_1_37' title='bbox 312 1110 411 1216; x_wconf 91' lang='lat' dir='ltr'><strong>prius</strong></span> <span class='ocrx_word' id='word_1_38' title='bbox 430 1109 549 1206; x_wconf 88' lang='lat' dir='ltr'><strong>unico,</strong></span> <span class='ocrx_word' id='word_1_39' title='bbox 571 1135 677 1216; x_wconf 89' lang='lat' dir='ltr'><strong>quem</strong></span> <span class='ocrx_word' id='word_1_40' title='bbox 697 1110 867 1208; x_wconf 87' lang='lat' dir='ltr'><strong>babebat,</strong></span> <span class='ocrx_word' id='word_1_41' title='bbox 890 1109 1013 1206; x_wconf 82' lang='lat' dir='ltr'><strong>fratre,</strong></span> <span class='ocrx_word' id='word_1_42' title='bbox 1035 1108 1164 1190; x_wconf 89' lang='lat' dir='ltr'><strong>deinde</strong></span> <span class='ocrx_word' id='word_1_43' title='bbox 1181 1123 1295 1190; x_wconf 84' lang='lat' dir='ltr'><strong>matre</strong></span> 
     </span>
     <span class='ocr_line' id='line_1_7' title="bbox 135 1233 1295 1343; baseline -0.001 -30"><span class='ocrx_word' id='word_1_44' title='bbox 135 1261 176 1314; x_wconf 88' lang='lat' dir='ltr'><strong>ac</strong></span> <span class='ocrx_word' id='word_1_45' title='bbox 206 1235 348 1315; x_wconf 88' lang='lat' dir='ltr'><strong>tandem</strong></span> <span class='ocrx_word' id='word_1_46' title='bbox 375 1249 491 1342; x_wconf 89' lang='lat' dir='ltr'><strong>patre,</strong></span> <span class='ocrx_word' id='word_1_47' title='bbox 522 1235 652 1316; x_wconf 88' lang='lat' dir='ltr'><strong>ibidem</strong></span> <span class='ocrx_word' id='word_1_48' title='bbox 680 1236 801 1342; x_wconf 90' lang='lat' dir='ltr'><strong>paullo</strong></span> <span class='ocrx_word' id='word_1_49' title='bbox 827 1249 909 1343; x_wconf 88' lang='lat' dir='ltr'><strong>post</strong></span> <span class='ocrx_word' id='word_1_50' title='bbox 926 1248 1039 1342; x_wconf 93' lang='lat' dir='ltr'><strong>nupta</strong></span> <span class='ocrx_word' id='word_1_51' title='bbox 1059 1233 1128 1314; x_wconf 87' lang='lat' dir='ltr'><strong>luit</strong></span> <span class='ocrx_word' id='word_1_52' title='bbox 1154 1233 1295 1314; x_wconf 90' lang='lat' dir='ltr'><strong>cuidam</strong></span> 
     </span>
     <span class='ocr_line' id='line_1_8' title="bbox 134 1359 1294 1467; baseline 0.003 -30"><span class='ocrx_word' id='word_1_53' title='bbox 134 1361 368 1466; x_wconf 85' lang='lat' dir='ltr'><strong>Sempronio-</strong></span> <span class='ocrx_word' id='word_1_54' title='bbox 385 1365 430 1441; x_wconf 86' lang='lat' dir='ltr'><strong>Et</strong></span> <span class='ocrx_word' id='word_1_55' title='bbox 457 1375 532 1442; x_wconf 91' lang='lat' dir='ltr'><strong>tum</strong></span> <span class='ocrx_word' id='word_1_56' title='bbox 561 1375 718 1467; x_wconf 89' lang='lat' dir='ltr'><strong>tempore</strong></span> <span class='ocrx_word' id='word_1_57' title='bbox 736 1385 807 1467; x_wconf 92' lang='lat' dir='ltr'><strong>quo</strong></span> <span class='ocrx_word' id='word_1_58' title='bbox 833 1360 995 1440; x_wconf 63' lang='lat' dir='ltr'><strong>vir‘eius</strong></span> <span class='ocrx_word' id='word_1_59' title='bbox 1022 1359 1178 1456; x_wconf 85' lang='lat' dir='ltr'><strong>vivebat,</strong></span> <span class='ocrx_word' id='word_1_60' title='bbox 1218 1373 1294 1440; x_wconf 91' lang='lat' dir='ltr'><strong>tum</strong></span> 
     </span>
     <span class='ocr_line' id='line_1_9' title="bbox 134 1475 1293 1590; baseline 0 -28"><span class='ocrx_word' id='word_1_61' title='bbox 134 1499 272 1589; x_wconf 88' lang='lat' dir='ltr'><strong>postea,</strong></span> <span class='ocrx_word' id='word_1_62' title='bbox 304 1483 349 1564; x_wconf 87' lang='lat' dir='ltr'><strong>ab</strong></span> <span class='ocrx_word' id='word_1_63' title='bbox 377 1510 471 1564; x_wconf 92' lang='lat' dir='ltr'><strong>anno</strong></span> <span class='ocrx_word' id='word_1_64' title='bbox 497 1485 632 1564; x_wconf 87' lang='lat' dir='ltr'><strong>scilicet</strong></span> <span class='ocrx_word' id='word_1_65' title='bbox 663 1493 776 1579; x_wconf 81' lang='lat'><strong>1859,</strong></span> <span class='ocrx_word' id='word_1_66' title='bbox 804 1475 878 1590; x_wconf 89' lang='lat' dir='ltr'><strong>quo</strong></span> <span class='ocrx_word' id='word_1_67' title='bbox 905 1508 947 1564; x_wconf 91' lang='lat' dir='ltr'><strong>eo</strong></span> <span class='ocrx_word' id='word_1_68' title='bbox 973 1483 1080 1562; x_wconf 85' lang='lat' dir='ltr'><strong>inita</strong></span> <span class='ocrx_word' id='word_1_69' title='bbox 1107 1496 1219 1563; x_wconf 89' lang='lat' dir='ltr'><strong>morte</strong></span> <span class='ocrx_word' id='word_1_70' title='bbox 1239 1485 1293 1562; x_wconf 87' lang='lat' dir='ltr'><strong>vi-</strong></span> 
     </span>
     <span class='ocr_line' id='line_1_10' title="bbox 133 1606 1294 1715; baseline 0.001 -30"><span class='ocrx_word' id='word_1_71' title='bbox 133 1606 259 1704; x_wconf 86' lang='lat' dir='ltr'><strong>doato,</strong></span> <span class='ocrx_word' id='word_1_72' title='bbox 290 1608 479 1714; x_wconf 92' lang='lat' dir='ltr'><strong>usquead</strong></span> <span class='ocrx_word' id='word_1_73' title='bbox 511 1633 698 1715; x_wconf 90' lang='lat' dir='ltr'><strong>praesens,</strong></span> <span class='ocrx_word' id='word_1_74' title='bbox 733 1633 856 1688; x_wconf 83' lang='lat' dir='ltr'><strong>uerum</strong></span> <span class='ocrx_word' id='word_1_75' title='bbox 884 1634 925 1687; x_wconf 94' lang='lat' dir='ltr'><strong>ac</strong></span> <span class='ocrx_word' id='word_1_76' title='bbox 952 1607 1047 1688; x_wconf 87' lang='lat' dir='ltr'><strong>reale</strong></span> <span class='ocrx_word' id='word_1_77' title='bbox 1078 1606 1294 1688; x_wconf 82' lang='lat' dir='ltr'><strong>domicilium</strong></span> 
     </span>
     <span class='ocr_line' id='line_1_11' title="bbox 134 1730 1292 1840; baseline 0 -30"><span class='ocrx_word' id='word_1_78' title='bbox 134 1733 172 1811; x_wconf 96' lang='lat' dir='ltr'><strong>in</strong></span> <span class='ocrx_word' id='word_1_79' title='bbox 200 1732 296 1812; x_wconf 90' lang='lat' dir='ltr'><strong>dicta</strong></span> <span class='ocrx_word' id='word_1_80' title='bbox 325 1733 469 1814; x_wconf 80' lang='lat' dir='ltr'><strong>civitate</strong></span> <span class='ocrx_word' id='word_1_81' title='bbox 497 1737 541 1813; x_wconf 89' lang='lat' dir='ltr'><strong>N.</strong></span> <span class='ocrx_word' id='word_1_82' title='bbox 571 1733 757 1840; x_wconf 87' lang='lat' dir='ltr'><strong>pervices</strong></span> <span class='ocrx_word' id='word_1_83' title='bbox 786 1732 914 1812; x_wconf 91' lang='lat' dir='ltr'><strong>babuit</strong></span> <span class='ocrx_word' id='word_1_84' title='bbox 932 1732 970 1810; x_wconf 95' lang='lat' dir='ltr'><strong>in</strong></span> <span class='ocrx_word' id='word_1_85' title='bbox 989 1730 1105 1812; x_wconf 89' lang='lat' dir='ltr'><strong>tribus</strong></span> <span class='ocrx_word' id='word_1_86' title='bbox 1133 1730 1292 1810; x_wconf 90' lang='lat' dir='ltr'><strong>eiusdem</strong></span> 
     </span>
     <span class='ocr_line' id='line_1_12' title="bbox 131 1856 1288 1962; baseline 0.003 -28"><span class='ocrx_word' id='word_1_87' title='bbox 131 1857 288 1936; x_wconf 88' lang='lat' dir='ltr'><strong>civitatis</strong></span> <span class='ocrx_word' id='word_1_88' title='bbox 316 1857 506 1962; x_wconf 89' lang='lat' dir='ltr'><strong>parochiis,</strong></span> <span class='ocrx_word' id='word_1_89' title='bbox 537 1882 578 1939; x_wconf 91' lang='lat' dir='ltr'><strong>ac</strong></span> <span class='ocrx_word' id='word_1_90' title='bbox 605 1858 745 1938; x_wconf 91' lang='lat' dir='ltr'><strong>demum</strong></span> <span class='ocrx_word' id='word_1_91' title='bbox 774 1885 795 1936; x_wconf 88' lang='lat' dir='ltr'><strong>a</strong></span> <span class='ocrx_word' id='word_1_92' title='bbox 822 1881 944 1936; x_wconf 88' lang='lat' dir='ltr'><strong>mense</strong></span> <span class='ocrx_word' id='word_1_93' title='bbox 970 1856 1062 1936; x_wconf 88' lang='lat' dir='ltr'><strong>maio</strong></span> <span class='ocrx_word' id='word_1_94' title='bbox 1094 1880 1154 1933; x_wconf 90' lang='lat' dir='ltr'><strong>an.</strong></span> <span class='ocrx_word' id='word_1_95' title='bbox 1188 1862 1288 1938; x_wconf 83' lang='grc'>1863</span> 
     </span>
     <span class='ocr_line' id='line_1_13' title="bbox 133 1977 1294 2086; baseline 0.001 -29"><span class='ocrx_word' id='word_1_96' title='bbox 133 2004 248 2084; x_wconf 89' lang='lat' dir='ltr'><strong>usqne</strong></span> <span class='ocrx_word' id='word_1_97' title='bbox 276 1979 321 2058; x_wconf 94' lang='lat' dir='ltr'><strong>ad</strong></span> <span class='ocrx_word' id='word_1_98' title='bbox 349 1981 443 2061; x_wconf 88' lang='lat' dir='ltr'><strong>diem</strong></span> <span class='ocrx_word' id='word_1_99' title='bbox 471 1991 494 2060; x_wconf 85' lang='lat'>8</span> <span class='ocrx_word' id='word_1_100' title='bbox 523 1983 605 2060; x_wconf 87' lang='lat' dir='ltr'><strong>maii</strong></span> <span class='ocrx_word' id='word_1_101' title='bbox 627 1990 726 2062; x_wconf 84' lang='lat'>1869</span> <span class='ocrx_word' id='word_1_102' title='bbox 747 1981 883 2081; x_wconf 78' lang='lat' dir='ltr'><strong>(lotor.</strong></span> <span class='ocrx_word' id='word_1_103' title='bbox 906 1979 967 2059; x_wconf 87' lang='lat' dir='ltr'><strong>lol.</strong></span> <span class='ocrx_word' id='word_1_104' title='bbox 991 1983 1058 2086; x_wconf 71' lang='lat'><strong>34)</strong></span> <span class='ocrx_word' id='word_1_105' title='bbox 1078 1977 1294 2058; x_wconf 88' lang='lat' dir='ltr'><strong>domicilium</strong></span> 
     </span>
     <span class='ocr_line' id='line_1_14' title="bbox 131 2102 1293 2210; baseline -0.001 -28"><span class='ocrx_word' id='word_1_106' title='bbox 131 2105 248 2182; x_wconf 88' lang='lat' dir='ltr'><strong>tenuit</strong></span> <span class='ocrx_word' id='word_1_107' title='bbox 277 2105 470 2210; x_wconf 93' lang='lat' dir='ltr'><strong>proprium,</strong></span> <span class='ocrx_word' id='word_1_108' title='bbox 500 2107 554 2186; x_wconf 92' lang='lat' dir='ltr'><strong>uti</strong></span> <span class='ocrx_word' id='word_1_109' title='bbox 581 2105 689 2184; x_wconf 90' lang='lat' dir='ltr'><strong>vidua</strong></span> <span class='ocrx_word' id='word_1_110' title='bbox 717 2117 753 2184; x_wconf 90' lang='lat' dir='ltr'><strong>et</strong></span> <span class='ocrx_word' id='word_1_111' title='bbox 784 2107 860 2186; x_wconf 92' lang='lat' dir='ltr'><strong>suis</strong></span> <span class='ocrx_word' id='word_1_112' title='bbox 887 2104 1025 2200; x_wconf 87' lang='lat' dir='ltr'><strong>orbata,</strong></span> <span class='ocrx_word' id='word_1_113' title='bbox 1056 2103 1094 2181; x_wconf 97' lang='lat' dir='ltr'><strong>in</strong></span> <span class='ocrx_word' id='word_1_114' title='bbox 1125 2102 1293 2208; x_wconf 90' lang='lat' dir='ltr'><strong>parochia</strong></span> 
     </span>
     <span class='ocr_line' id='line_1_15' title="bbox 132 2227 1291 2334; baseline -0.003 -26"><span class='ocrx_word' id='word_1_115' title='bbox 132 2229 249 2309; x_wconf 90' lang='lat' dir='ltr'><strong>sancti</strong></span> <span class='ocrx_word' id='word_1_116' title='bbox 285 2231 483 2324; x_wconf 91' lang='lat' dir='ltr'><strong>Laurentii,</strong></span> <span class='ocrx_word' id='word_1_117' title='bbox 523 2231 625 2310; x_wconf 91' lang='lat' dir='ltr'><strong>domo</strong></span> <span class='ocrx_word' id='word_1_118' title='bbox 653 2231 792 2334; x_wconf 82' lang='lat' dir='ltr'><strong>signata</strong></span> <span class='ocrx_word' id='word_1_119' title='bbox 824 2255 862 2310; x_wconf 91' lang='lat' dir='ltr'><strong>n.</strong></span> <span class='ocrx_word' id='word_1_120' title='bbox 900 2236 937 2324; x_wconf 80' lang='lat' dir='ltr'><strong>l,</strong></span> <span class='ocrx_word' id='word_1_121' title='bbox 977 2252 1096 2309; x_wconf 87' lang='lat' dir='ltr'><strong>secum</strong></span> <span class='ocrx_word' id='word_1_122' title='bbox 1132 2227 1291 2308; x_wconf 89' lang='lat' dir='ltr'><strong>retinens</strong></span> 
     </span>
     <span class='ocr_line' id='line_1_16' title="bbox 132 2353 915 2460; baseline 0 -28"><span class='ocrx_word' id='word_1_123' title='bbox 132 2353 222 2434; x_wconf 93' lang='lat' dir='ltr'><strong>duos</strong></span> <span class='ocrx_word' id='word_1_124' title='bbox 251 2353 342 2434; x_wconf 89' lang='lat' dir='ltr'><strong>filios</strong></span> <span class='ocrx_word' id='word_1_125' title='bbox 369 2383 390 2434; x_wconf 84' lang='lat' dir='ltr'><strong>a</strong></span> <span class='ocrx_word' id='word_1_126' title='bbox 418 2353 586 2436; x_wconf 79' lang='lat' dir='ltr'><strong>defuncto</strong></span> <span class='ocrx_word' id='word_1_127' title='bbox 613 2355 689 2434; x_wconf 81' lang='lat' dir='ltr'><strong>uiro</strong></span> <span class='ocrx_word' id='word_1_128' title='bbox 717 2368 915 2460; x_wconf 86' lang='lat' dir='ltr'><strong>susceptos.</strong></span> 
     </span>
    </p>

    <p class='ocr_par' dir='ltr' id='par_1_3' title="bbox 124 2477 1294 3331">
     <span class='ocr_line' id='line_1_17' title="bbox 238 2477 1287 2586; baseline 0.001 -30"><span class='ocrx_word' id='word_1_129' title='bbox 238 2481 290 2558; x_wconf 89' lang='lat' dir='ltr'><strong>Ne</strong></span> <span class='ocrx_word' id='word_1_130' title='bbox 319 2493 439 2560; x_wconf 90' lang='lat' dir='ltr'><strong>autem</strong></span> <span class='ocrx_word' id='word_1_131' title='bbox 465 2479 647 2586; x_wconf 90' lang='lat' dir='ltr'><strong>quaelibet</strong></span> <span class='ocrx_word' id='word_1_132' title='bbox 675 2479 787 2560; x_wconf 85' lang='lat' dir='ltr'><strong>relate</strong></span> <span class='ocrx_word' id='word_1_133' title='bbox 806 2479 851 2559; x_wconf 88' lang='lat' dir='ltr'><strong>ad</strong></span> <span class='ocrx_word' id='word_1_134' title='bbox 870 2480 974 2559; x_wconf 88' lang='lat' dir='ltr'><strong>Caiae</strong></span> <span class='ocrx_word' id='word_1_135' title='bbox 989 2477 1204 2558; x_wconf 90' lang='lat' dir='ltr'><strong>domicilium</strong></span> <span class='ocrx_word' id='word_1_136' title='bbox 1219 2502 1287 2557; x_wconf 90' lang='lat' dir='ltr'><strong>no-</strong></span> 
     </span>
     <span class='ocr_line' id='line_1_18' title="bbox 130 2599 1294 2710; baseline -0.003 -28"><span class='ocrx_word' id='word_1_137' title='bbox 130 2603 208 2683; x_wconf 91' lang='lat' dir='ltr'><strong>titia</strong></span> <span class='ocrx_word' id='word_1_138' title='bbox 238 2602 434 2684; x_wconf 82' lang='lat' dir='ltr'><strong>desiderari</strong></span> <span class='ocrx_word' id='word_1_139' title='bbox 461 2603 639 2700; x_wconf 85' lang='lat' dir='ltr'><strong>rideatur,</strong></span> <span class='ocrx_word' id='word_1_140' title='bbox 670 2602 760 2683; x_wconf 93' lang='lat' dir='ltr'><strong>illud</strong></span> <span class='ocrx_word' id='word_1_141' title='bbox 787 2601 984 2684; x_wconf 91' lang='lat' dir='ltr'><strong>notandum</strong></span> <span class='ocrx_word' id='word_1_142' title='bbox 1002 2616 1070 2699; x_wconf 90' lang='lat' dir='ltr'><strong>est,</strong></span> <span class='ocrx_word' id='word_1_143' title='bbox 1101 2599 1197 2710; x_wconf 90' lang='lat' dir='ltr'><strong>quod</strong></span> <span class='ocrx_word' id='word_1_144' title='bbox 1216 2601 1294 2706; x_wconf 90' lang='lat' dir='ltr'><strong>ipsa</strong></span> 
     </span>
     <span class='ocr_line' id='line_1_19' title="bbox 131 2726 1294 2834; baseline 0 -30"><span class='ocrx_word' id='word_1_145' title='bbox 131 2728 268 2806; x_wconf 85' lang='lat' dir='ltr'><strong>aestivo</strong></span> <span class='ocrx_word' id='word_1_146' title='bbox 305 2729 360 2808; x_wconf 89' lang='lat' dir='ltr'><strong>vel</strong></span> <span class='ocrx_word' id='word_1_147' title='bbox 393 2729 590 2808; x_wconf 89' lang='lat' dir='ltr'><strong>autumnali</strong></span> <span class='ocrx_word' id='word_1_148' title='bbox 629 2741 785 2834; x_wconf 87' lang='lat' dir='ltr'><strong>tempore</strong></span> <span class='ocrx_word' id='word_1_149' title='bbox 818 2726 913 2834; x_wconf 88' lang='lat' dir='ltr'><strong>apud</strong></span> <span class='ocrx_word' id='word_1_150' title='bbox 945 2727 1161 2833; x_wconf 89' lang='lat' dir='ltr'><strong>praedictam</strong></span> <span class='ocrx_word' id='word_1_151' title='bbox 1192 2751 1294 2805; x_wconf 89' lang='lat' dir='ltr'><strong>suam</strong></span> 
     </span>
     <span class='ocr_line' id='line_1_20' title="bbox 129 2852 1291 2958; baseline 0.003 -30"><span class='ocrx_word' id='word_1_152' title='bbox 129 2856 273 2932; x_wconf 89' lang='lat' dir='ltr'><strong>amitam</strong></span> <span class='ocrx_word' id='word_1_153' title='bbox 301 2855 494 2958; x_wconf 88' lang='lat' dir='ltr'><strong>quotannis</strong></span> <span class='ocrx_word' id='word_1_154' title='bbox 521 2852 717 2948; x_wconf 89' lang='lat' dir='ltr'><strong>divertens,</strong></span> <span class='ocrx_word' id='word_1_155' title='bbox 748 2877 811 2958; x_wconf 88' lang='lat' dir='ltr'><strong>per</strong></span> <span class='ocrx_word' id='word_1_156' title='bbox 838 2878 949 2932; x_wconf 90' lang='lat' dir='ltr'><strong>unum</strong></span> <span class='ocrx_word' id='word_1_157' title='bbox 969 2855 1108 2933; x_wconf 88' lang='lat' dir='ltr'><strong>circiter</strong></span> <span class='ocrx_word' id='word_1_158' title='bbox 1135 2875 1291 2932; x_wconf 89' lang='lat' dir='ltr'><strong>mensem</strong></span> 
     </span>
     <span class='ocr_line' id='line_1_21' title="bbox 127 2973 1294 3082; baseline 0 -30"><span class='ocrx_word' id='word_1_159' title='bbox 127 2975 166 3054; x_wconf 89' lang='lat' dir='ltr'><strong>in</strong></span> <span class='ocrx_word' id='word_1_160' title='bbox 192 2975 354 3082; x_wconf 89' lang='lat' dir='ltr'><strong>praelata</strong></span> <span class='ocrx_word' id='word_1_161' title='bbox 382 2979 496 3058; x_wconf 89' lang='lat' dir='ltr'><strong>sancti</strong></span> <span class='ocrx_word' id='word_1_162' title='bbox 524 2977 703 3056; x_wconf 85' lang='lat' dir='ltr'><strong>Francisci</strong></span> <span class='ocrx_word' id='word_1_163' title='bbox 731 2976 899 3082; x_wconf 79' lang='lat' dir='ltr'><strong>parocbia</strong></span> <span class='ocrx_word' id='word_1_164' title='bbox 922 2976 1129 3072; x_wconf 79' lang='lat' dir='ltr'><strong>curabatur,</strong></span> <span class='ocrx_word' id='word_1_165' title='bbox 1161 2973 1294 3056; x_wconf 89' lang='lat' dir='ltr'><strong>nedum</strong></span> 
     </span>
     <span class='ocr_line' id='line_1_22' title="bbox 127 3099 1292 3206; baseline 0.001 -29"><span class='ocrx_word' id='word_1_166' title='bbox 127 3100 183 3177; x_wconf 90' lang='lat' dir='ltr'><strong>sui</strong></span> <span class='ocrx_word' id='word_1_167' title='bbox 211 3099 276 3180; x_wconf 86' lang='lat' dir='ltr'><strong>sed</strong></span> <span class='ocrx_word' id='word_1_168' title='bbox 304 3113 340 3181; x_wconf 90' lang='lat' dir='ltr'><strong>et</strong></span> <span class='ocrx_word' id='word_1_169' title='bbox 367 3099 519 3181; x_wconf 87' lang='lat' dir='ltr'><strong>filiorum</strong></span> <span class='ocrx_word' id='word_1_170' title='bbox 547 3101 683 3180; x_wconf 85' lang='lat' dir='ltr'><strong>animos</strong></span> <span class='ocrx_word' id='word_1_171' title='bbox 702 3101 867 3206; x_wconf 86' lang='lat' dir='ltr'><strong>viresque</strong></span> <span class='ocrx_word' id='word_1_172' title='bbox 886 3100 1070 3181; x_wconf 89' lang='lat' dir='ltr'><strong>recreandi</strong></span> <span class='ocrx_word' id='word_1_173' title='bbox 1089 3124 1197 3179; x_wconf 87' lang='lat' dir='ltr'><strong>causa</strong></span> <span class='ocrx_word' id='word_1_174' title='bbox 1211 3110 1292 3178; x_wconf 91' lang='lat' dir='ltr'><strong>tan-</strong></span> 
     </span>
     <span class='ocr_line' id='line_1_23' title="bbox 124 3224 1207 3331; baseline -0.002 -27"><span class='ocrx_word' id='word_1_175' title='bbox 124 3239 202 3305; x_wconf 87' lang='lat' dir='ltr'><strong>tum</strong></span> <span class='ocrx_word' id='word_1_176' title='bbox 231 3224 307 3331; x_wconf 81' lang='lat' dir='ltr'><strong>(Cir</strong></span> <span class='ocrx_word' id='word_1_177' title='bbox 334 3233 453 3306; x_wconf 81' lang='lat' dir='ltr'><strong>lotor.</strong></span> <span class='ocrx_word' id='word_1_178' title='bbox 484 3225 545 3306; x_wconf 85' lang='lat' dir='ltr'><strong>fol.</strong></span> <span class='ocrx_word' id='word_1_179' title='bbox 578 3233 673 3323; x_wconf 82' lang='lat'>8-93</span> <span class='ocrx_word' id='word_1_180' title='bbox 704 3238 740 3304; x_wconf 90' lang='lat' dir='ltr'><strong>ct</strong></span> <span class='ocrx_word' id='word_1_181' title='bbox 767 3225 919 3329; x_wconf 82' lang='lat' dir='ltr'><strong>lllegat.</strong></span> <span class='ocrx_word' id='word_1_182' title='bbox 941 3225 1008 3306; x_wconf 88' lang='lat' dir='ltr'><strong>sub</strong></span> <span class='ocrx_word' id='word_1_183' title='bbox 1036 3225 1106 3304; x_wconf 90' lang='lat' dir='ltr'><strong>litt.</strong></span> <span class='ocrx_word' id='word_1_184' title='bbox 1138 3229 1207 3329; x_wconf 87' lang='lat' dir='ltr'><strong>B).</strong></span> 
     </span>
    </p>

    <p class='ocr_par' dir='ltr' id='par_1_4' title="bbox 123 3347 1344 4456">
     <span class='ocr_line' id='line_1_24' title="bbox 235 3347 1291 3455; baseline -0.001 -26"><span class='ocrx_word' id='word_1_185' title='bbox 235 3359 273 3429; x_wconf 80' lang='lat'><strong>3.</strong></span> <span class='ocrx_word' id='word_1_186' title='bbox 305 3351 454 3430; x_wconf 86' lang='lat' dir='ltr'><strong>Interim</strong></span> <span class='ocrx_word' id='word_1_187' title='bbox 481 3350 578 3445; x_wconf 84' lang='lat' dir='ltr'><strong>Cala,</strong></span> <span class='ocrx_word' id='word_1_188' title='bbox 607 3363 650 3429; x_wconf 91' lang='lat' dir='ltr'><strong>ut</strong></span> <span class='ocrx_word' id='word_1_189' title='bbox 677 3347 746 3428; x_wconf 91' lang='lat' dir='ltr'><strong>sibi</strong></span> <span class='ocrx_word' id='word_1_190' title='bbox 774 3349 920 3455; x_wconf 90' lang='lat' dir='ltr'><strong>suisque</strong></span> <span class='ocrx_word' id='word_1_191' title='bbox 948 3349 1030 3429; x_wconf 91' lang='lat' dir='ltr'><strong>filiis</strong></span> <span class='ocrx_word' id='word_1_192' title='bbox 1058 3350 1291 3455; x_wconf 85' lang='lat' dir='ltr'><strong>prospiceret,</strong></span> 
     </span>
     <span class='ocr_line' id='line_1_25' title="bbox 126 3472 1294 3580; baseline 0 -28"><span class='ocrx_word' id='word_1_193' title='bbox 126 3473 267 3552; x_wconf 91' lang='lat' dir='ltr'><strong>lucrum</strong></span> <span class='ocrx_word' id='word_1_194' title='bbox 295 3473 477 3580; x_wconf 89' lang='lat' dir='ltr'><strong>captabat,</strong></span> <span class='ocrx_word' id='word_1_195' title='bbox 508 3473 663 3579; x_wconf 91' lang='lat' dir='ltr'><strong>bospitio</strong></span> <span class='ocrx_word' id='word_1_196' title='bbox 690 3472 899 3578; x_wconf 83' lang='lat' dir='ltr'><strong>excipiendo</strong></span> <span class='ocrx_word' id='word_1_197' title='bbox 926 3477 963 3553; x_wconf 94' lang='lat' dir='ltr'><strong>in</strong></span> <span class='ocrx_word' id='word_1_198' title='bbox 982 3472 1163 3580; x_wconf 87' lang='lat' dir='ltr'><strong>praedicta</strong></span> <span class='ocrx_word' id='word_1_199' title='bbox 1190 3472 1294 3552; x_wconf 91' lang='lat' dir='ltr'><strong>domo</strong></span> 
     </span>
     <span class='ocr_line' id='line_1_26' title="bbox 126 3594 1294 3704; baseline -0.003 -26"><span class='ocrx_word' id='word_1_200' title='bbox 126 3599 266 3704; x_wconf 85' lang='lat' dir='ltr'><strong>aliquot</strong></span> <span class='ocrx_word' id='word_1_201' title='bbox 294 3599 388 3678; x_wconf 84' lang='lat' dir='ltr'><strong>viros</strong></span> <span class='ocrx_word' id='word_1_202' title='bbox 416 3598 657 3678; x_wconf 85' lang='lat' dir='ltr'><strong>convictorum</strong></span> <span class='ocrx_word' id='word_1_203' title='bbox 683 3597 840 3677; x_wconf 90' lang='lat' dir='ltr'><strong>nomine.</strong></span> <span class='ocrx_word' id='word_1_204' title='bbox 863 3601 936 3678; x_wconf 86' lang='lat' dir='ltr'><strong>Hos</strong></span> <span class='ocrx_word' id='word_1_205' title='bbox 960 3597 1054 3678; x_wconf 90' lang='lat' dir='ltr'><strong>inter</strong></span> <span class='ocrx_word' id='word_1_206' title='bbox 1081 3594 1294 3676; x_wconf 86' lang='lat' dir='ltr'><strong>accenseba-</strong></span> 
     </span>
     <span class='ocr_line' id='line_1_27' title="bbox 124 3722 1294 3830; baseline -0.003 -24"><span class='ocrx_word' id='word_1_207' title='bbox 124 3739 186 3806; x_wconf 90' lang='lat' dir='ltr'><strong>tur</strong></span> <span class='ocrx_word' id='word_1_208' title='bbox 214 3726 330 3804; x_wconf 85' lang='lat' dir='ltr'><strong>Titius</strong></span> <span class='ocrx_word' id='word_1_209' title='bbox 357 3723 452 3804; x_wconf 86' lang='lat' dir='ltr'><strong>lilius</strong></span> <span class='ocrx_word' id='word_1_210' title='bbox 484 3722 658 3804; x_wconf 90' lang='lat' dir='ltr'><strong>naturalis</strong></span> <span class='ocrx_word' id='word_1_211' title='bbox 696 3723 880 3804; x_wconf 89' lang='lat' dir='ltr'><strong>cuiusdam</strong></span> <span class='ocrx_word' id='word_1_212' title='bbox 908 3723 1074 3820; x_wconf 75' lang='lat' dir='ltr'><strong>deminae,</strong></span> <span class='ocrx_word' id='word_1_213' title='bbox 1109 3749 1202 3828; x_wconf 88' lang='lat' dir='ltr'><strong>quae</strong></span> <span class='ocrx_word' id='word_1_214' title='bbox 1229 3747 1294 3830; x_wconf 91' lang='lat' dir='ltr'><strong>po·</strong></span> 
     </span>
     <span class='ocr_line' id='line_1_28' title="bbox 125 3845 1291 3954; baseline 0 -26"><span class='ocrx_word' id='word_1_215' title='bbox 125 3863 205 3928; x_wconf 91' lang='lat' dir='ltr'><strong>stea</strong></span> <span class='ocrx_word' id='word_1_216' title='bbox 235 3847 360 3954; x_wconf 89' lang='lat' dir='ltr'><strong>nupsit</strong></span> <span class='ocrx_word' id='word_1_217' title='bbox 395 3846 535 3926; x_wconf 91' lang='lat' dir='ltr'><strong>cuidam</strong></span> <span class='ocrx_word' id='word_1_218' title='bbox 567 3847 658 3942; x_wconf 80' lang='lat' dir='ltr'><strong>siro,</strong></span> <span class='ocrx_word' id='word_1_219' title='bbox 689 3845 734 3925; x_wconf 89' lang='lat' dir='ltr'><strong>ab</strong></span> <span class='ocrx_word' id='word_1_220' title='bbox 762 3871 875 3952; x_wconf 88' lang='lat' dir='ltr'><strong>eoque</strong></span> <span class='ocrx_word' id='word_1_221' title='bbox 902 3859 1010 3928; x_wconf 86' lang='lat' dir='ltr'><strong>natus</strong></span> <span class='ocrx_word' id='word_1_222' title='bbox 1037 3847 1095 3928; x_wconf 90' lang='lat' dir='ltr'><strong>dio</strong></span> <span class='ocrx_word' id='word_1_223' title='bbox 1124 3857 1147 3926; x_wconf 86' lang='lat'><em>8</em></span> <span class='ocrx_word' id='word_1_224' title='bbox 1176 3873 1291 3952; x_wconf 78' lang='lat' dir='ltr'><strong>angu-</strong></span> 
     </span>
     <span class='ocr_line' id='line_1_29' title="bbox 123 3970 1286 4078; baseline 0.004 -27"><span class='ocrx_word' id='word_1_225' title='bbox 123 3975 170 4052; x_wconf 89' lang='lat' dir='ltr'><strong>sti</strong></span> <span class='ocrx_word' id='word_1_226' title='bbox 205 3979 309 4053; x_wconf 83' lang='grc'>1836</span> <span class='ocrx_word' id='word_1_227' title='bbox 338 3972 376 4050; x_wconf 96' lang='lat' dir='ltr'><strong>in</strong></span> <span class='ocrx_word' id='word_1_228' title='bbox 403 3971 565 4051; x_wconf 86' lang='lat' dir='ltr'><strong>Helvetia</strong></span> <span class='ocrx_word' id='word_1_229' title='bbox 594 3970 724 4074; x_wconf 81' lang='lat' dir='ltr'><strong>(lllcg.</strong></span> <span class='ocrx_word' id='word_1_230' title='bbox 754 3973 832 4077; x_wconf 88' lang='lat' dir='ltr'><strong>F.),</strong></span> <span class='ocrx_word' id='word_1_231' title='bbox 855 3973 1025 4078; x_wconf 81' lang='lat' dir='ltr'><strong>religione</strong></span> <span class='ocrx_word' id='word_1_232' title='bbox 1057 3976 1286 4072; x_wconf 89' lang='lat' dir='ltr'><strong>lutheranus,</strong></span> 
     </span>
     <span class='ocr_line' id='line_1_30' title="bbox 126 4095 1289 4208; baseline 0.005 -32"><span class='ocrx_word' id='word_1_233' title='bbox 126 4098 351 4204; x_wconf 91' lang='lat' dir='ltr'><strong>prolessione</strong></span> <span class='ocrx_word' id='word_1_234' title='bbox 379 4095 642 4204; x_wconf 81' lang='lat' dir='ltr'><strong>lithographus.</strong></span> <span class='ocrx_word' id='word_1_235' title='bbox 674 4095 842 4184; x_wconf 83' lang='lat' dir='ltr'><strong>Quamuis</strong></span> <span class='ocrx_word' id='word_1_236' title='bbox 858 4111 977 4180; x_wconf 89' lang='lat' dir='ltr'><strong>autem</strong></span> <span class='ocrx_word' id='word_1_237' title='bbox 999 4127 1069 4208; x_wconf 93' lang='lat' dir='ltr'><strong>non</strong></span> <span class='ocrx_word' id='word_1_238' title='bbox 1088 4114 1226 4184; x_wconf 89' lang='lat' dir='ltr'><strong>constet</strong></span> <span class='ocrx_word' id='word_1_239' title='bbox 1244 4127 1289 4182; x_wconf 83' lang='lat' dir='ltr'><strong>er</strong></span> 
     </span>
     <span class='ocr_line' id='line_1_31' title="bbox 124 4218 1296 4328; baseline 0.003 -28"><span class='ocrx_word' id='word_1_240' title='bbox 124 4223 218 4302; x_wconf 88' lang='lat' dir='ltr'><strong>actis</strong></span> <span class='ocrx_word' id='word_1_241' title='bbox 246 4245 318 4326; x_wconf 93' lang='lat' dir='ltr'><strong>quo</strong></span> <span class='ocrx_word' id='word_1_242' title='bbox 346 4245 440 4300; x_wconf 90' lang='lat' dir='ltr'><strong>auno</strong></span> <span class='ocrx_word' id='word_1_243' title='bbox 475 4219 658 4328; x_wconf 87' lang='lat' dir='ltr'><strong>praelatus</strong></span> <span class='ocrx_word' id='word_1_244' title='bbox 689 4218 804 4299; x_wconf 89' lang='lat' dir='ltr'><strong>Titius</strong></span> <span class='ocrx_word' id='word_1_245' title='bbox 832 4221 877 4300; x_wconf 93' lang='lat' dir='ltr'><strong>ad</strong></span> <span class='ocrx_word' id='word_1_246' title='bbox 910 4224 1127 4328; x_wconf 90' lang='lat' dir='ltr'><strong>praedictam</strong></span> <span class='ocrx_word' id='word_1_247' title='bbox 1154 4225 1296 4316; x_wconf 82' lang='lat' dir='ltr'><strong>venerit</strong></span> 
     </span>
     <span class='ocr_line' id='line_1_32' title="bbox 124 4344 1344 4456; baseline 0.001 -30"><span class='ocrx_word' id='word_1_248' title='bbox 124 4347 329 4440; x_wconf 88' lang='lat' dir='ltr'><strong>civitatem,</strong></span> <span class='ocrx_word' id='word_1_249' title='bbox 359 4344 448 4423; x_wconf 94' lang='lat' dir='ltr'><strong>illud</strong></span> <span class='ocrx_word' id='word_1_250' title='bbox 480 4356 599 4423; x_wconf 85' lang='lat' dir='ltr'><strong>tamen</strong></span> <span class='ocrx_word' id='word_1_251' title='bbox 635 4355 854 4448; x_wconf 87' lang='lat' dir='ltr'><strong>compertum</strong></span> <span class='ocrx_word' id='word_1_252' title='bbox 886 4360 955 4441; x_wconf 90' lang='lat' dir='ltr'><strong>est,</strong></span> <span class='ocrx_word' id='word_1_253' title='bbox 990 4347 1086 4452; x_wconf 93' lang='lat' dir='ltr'><strong>quod</strong></span> <span class='ocrx_word' id='word_1_254' title='bbox 1118 4349 1244 4427; x_wconf 84' lang='lat' dir='ltr'><strong>saltem</strong></span> <span class='ocrx_word' id='word_1_255' title='bbox 1271 4374 1344 4456; x_wconf 34' lang='grc' dir='ltr'><strong>α’,</strong></span> 
     </span>
    </p>
   </div>
   <div class='ocr_carea' id='block_1_2' title="bbox 124 4465 1292 4650">
    <p class='ocr_par' dir='ltr' id='par_1_5' title="bbox 124 4465 1292 4650">
     <span class='ocr_line' id='line_1_33' title="bbox 124 4465 1292 4578; baseline 0 -27"><span class='ocrx_word' id='word_1_256' title='bbox 124 4483 287 4577; x_wconf 91' lang='lat' dir='ltr'><strong>quatuor</strong></span> <span class='ocrx_word' id='word_1_257' title='bbox 315 4469 420 4548; x_wconf 87' lang='lat' dir='ltr'><strong>annis</strong></span> <span class='ocrx_word' id='word_1_258' title='bbox 457 4481 539 4548; x_wconf 89' lang='lat' dir='ltr'><strong>ante</strong></span> <span class='ocrx_word' id='word_1_259' title='bbox 567 4465 845 4564; x_wconf 89' lang='lat' dir='ltr'><strong>matrimonium,</strong></span> <span class='ocrx_word' id='word_1_260' title='bbox 876 4467 1024 4578; x_wconf 82' lang='lat' dir='ltr'><strong>dequo</strong></span> <span class='ocrx_word' id='word_1_261' title='bbox 1060 4471 1223 4568; x_wconf 88' lang='lat' dir='ltr'><strong>inlerins,</strong></span> <span class='ocrx_word' id='word_1_262' title='bbox 1253 4472 1292 4552; x_wconf 91' lang='lat' dir='ltr'><strong>in</strong></span> 
     </span>
     <span class='ocr_line' id='line_1_34' title="bbox 192 4588 1238 4650; baseline 0.002 -11"><span class='ocrx_word' id='word_1_263' title='bbox 192 4593 337 4639; x_wconf 72' lang='lat' dir='ltr'><strong>memus.</strong></span> <span class='ocrx_word' id='word_1_264' title='bbox 352 4590 385 4638; x_wconf 80' lang='lat' dir='ltr'><strong>Dc</strong></span> <span class='ocrx_word' id='word_1_265' title='bbox 397 4588 595 4650; x_wconf 79' lang='lat' dir='ltr'><strong>tmpedtroeutts.</strong></span> <span class='ocrx_word' id='word_1_266' title='bbox 1210 4596 1238 4642; x_wconf 78' lang='lat' dir='ltr'><strong>lt</strong></span> 
     </span>
    </p>
   </div>
   <div class='ocr_carea' id='block_1_3' title="bbox 0 0 1708 5302">
    <p class='ocr_par' dir='ltr' id='par_1_6' title="bbox 0 0 1708 5302">
     <span class='ocr_line' id='line_1_35' title="bbox 0 0 1708 5302; baseline 0 1"><span class='ocrx_word' id='word_1_267' title='bbox 0 0 1708 5302; x_wconf 95' lang='lat' dir='ltr'><strong> </strong></span> 
     </span>
    </p>
   </div>
  </div>
 </body>
</html>
