3406 5302
876 452 913 466 -
935 420 994 485 27l
1013 451 1051 466 -

428 589 432 604 ·
468 542 663 620 Recentius
690 557 823 638 autem,
855 569 981 650 nempe
1001 573 1061 624 an.
1091 555 1190 626 1829
1209 547 1253 626 ad
1276 547 1454 626 llicurium
1473 571 1561 652 apo-
1694 643 1695 646 Ἴ

388 668 551 748 stolicurn
584 667 796 748 bredensem
824 671 951 750 similia
979 685 1234 774 exponentem,
1264 670 1441 750 scudem
1470 675 1562 748 Con·
1691 756 1696 787 ι

389 819 486 896 greg.
505 795 633 870 summi
650 792 828 872 Pontificis
845 793 1102 898 approbatione
1116 793 1326 898 respoudit:
1347 799 1413 873 «S.
1433 794 1557 890 Sedes,
1691 790 1697 885 ἱ

390 918 494 996 cubi
523 917 707 996 decretum
737 919 882 998 Concilii
920 919 1111 998 tridentini
1131 919 1353 1024 publicatum
1382 920 1464 1013 luit,
1496 943 1561 996 ne·
1691 936 1696 1027 ξ

391 1069 503 1148 «que
532 1042 600 1120 luit
629 1057 776 1122 extensa
805 1044 1004 1122 Declaratio
1038 1044 1230 1124 Benedicti
1251 1049 1345 1139 lllll,
1375 1055 1561 1149 tamquam
1694 1031 1699 1103 ἶ

391 1165 534 1244 «nullu
563 1166 666 1244 hebet
692 1167 923 1244 matrimonio
950 1165 1125 1246 celebrate
1155 1180 1279 1246 contre
1307 1169 1463 1272 formam
1492 1169 1561 1246 trr'-
1691 1164 1697 1239 l

390 1290 635 1382 <destinam
665 1290 743 1370 ideo
771 1305 934 1372 recurrat
962 1291 999 1368 in
1027 1291 1171 1370 ensibus
1197 1293 1476 1398 particularibus
1496 1319 1559 1397 pro

391 1443 409 1498 r
432 1428 632 1518 opportuno
648 1414 803 1492 remedio
819 1447 853 1493 ›.
876 1415 976 1520 Apud
993 1421 1147 1495 Perrone
1163 1417 1206 1521 (l.
1226 1441 1257 1494 c.
1270 1443 1333 1522 pp.
1349 1417 1555 1520 ers-229).

472 1537 575 1616 Unde
608 1563 687 1616 curn
717 1564 903 1643 supremae
936 1566 968 1618 a.
1000 1541 1251 1645 inquisitionis
1285 1544 1559 1646 Congregationi
1696 1535 1697 1538 Ὺ

389 1687 482 1740 anuo
513 1669 611 1739 1847
643 1662 688 1740 ab
718 1664 891 1768 Episcopo
928 1665 1292 1746 Fluminis-lanuarii
1334 1669 1559 1772 (Rioianeiro

391 1783 429 1862 iu
456 1783 624 1888 Brasilia)
653 1786 856 1890 propositus
876 1785 983 1864 luerit
1000 1813 1106 1866 casus
1133 1790 1349 1868 matrimonii
1370 1818 1389 1868 a
1410 1791 1559 1870 muliere

389 1908 563 1988 catholico
591 1935 670 2014 curu
698 1913 774 1990 riro
801 1911 995 1990 acetlrolleo
1031 1913 1178 1991 Parisiis
1207 1914 1287 1992 initi
1316 1913 1416 1993 iusta
1446 1916 1560 2016 legem

389 2034 543 2128 nirdam,
566 2046 601 2112 et
621 2061 641 2111 a
661 2034 823 2112 ministro
851 2035 1046 2114 acatholico
1076 2036 1325 2116 benedictione
1348 2039 1490 2133 sanciti,
1522 2054 1561 2118 at

390 2173 515 2262 postea
544 2157 588 2238 ob
616 2159 856 2238 dissensiones
889 2159 930 2236 in
957 2161 1139 2264 praedicta
1173 2163 1372 2240 americana
1405 2164 1558 2242 dioecesi

388 2305 452 2387 per
480 2283 682 2362 absolutum
711 2283 902 2362 divortium
933 2285 1054 2378 soluti,
1087 2286 1182 2364 dicta
1211 2291 1248 2364 S.
1274 2290 1311 2364 C.
1335 2285 1372 2363 in
1400 2287 1558 2366 themate

389 2405 434 2485 de
464 2406 642 2485 sententia
669 2431 734 2484 sua
764 2421 886 2507 rogata
906 2409 1113 2511 respondit:
1139 2439 1156 2481 a
1177 2414 1283 2487 quta
1303 2410 1464 2514 exposita
1484 2437 1559 2488 ma-

391 2559 410 2607 r
434 2529 636 2609 trimonium
657 2529 802 2608 Parisiis
821 2544 1055 2626 contractum,
1077 2557 1156 2610 osse
1176 2533 1314 2610 nullum
1333 2547 1369 2612 ot
1394 2533 1553 2630 irritum3

391 2652 584 2756 «ideoque
612 2653 701 2730 nibil
730 2651 872 2732 obstare
910 2654 1099 2756 quominus
1130 2655 1264 2734 oratrix
1294 2655 1338 2734 ad
1367 2655 1456 2734 alias
1490 2681 1557 2734 nu-

391 2776 529 2880 ‹ptias
556 2776 652 2854 licite
681 2801 722 2854 ae
749 2777 868 2856 ralidc'
894 2783 1047 2856 transire
1076 2779 1195 2858 valeat
1217 2809 1251 2856 ›.
1284 2779 1388 2884 Apud
1402 2784 1554 2858 Perrone

389 2899 441 3004 (l.
474 2925 505 2978 c.
532 2926 573 3004 p.
605 2898 723 3003 229),
754 2923 864 3002 penes
891 2923 996 3004 quem
1025 2903 1146 3006 plures
1175 2903 1215 2980 in
1247 2903 1368 2981 eodem
1401 2905 1554 2982 articulo

391 3037 528 3104 reteres
557 3048 598 3102 ac
626 3023 841 3102 recentiores
868 3049 899 3102 s.
918 3024 1019 3102 Sedis
1038 3026 1278 3104 resolutiones
1297 3041 1488 3129 congestae
1505 3030 1558 3106 ri-

389 3145 464 3224 deri
494 3159 644 3250 possunt
664 3147 701 3223 si
731 3145 845 3225 lubet.

470 3276 533 3346 ll.
565 3268 615 3346 lis
643 3268 807 3348 omnibus
846 3294 938 3373 quae
963 3269 1136 3348 hactenus
1157 3270 1419 3376 disputavimus
1447 3272 1556 3350 conl-

395 3392 539 3470 ciuntur
567 3391 708 3469 omniuo
737 3392 926 3470 artificiosa
955 3405 1200 3494 argumentaa
1220 3394 1405 3474 delensore
1433 3397 1557 3473 matri-

391 3515 501 3594 monii
529 3539 573 3593 err
602 3515 716 3594 officio
743 3517 780 3592 iu
810 3516 922 3618 prima
942 3517 1113 3596 instantia
1136 3519 1288 3621 prolata,
1312 3544 1475 3623 quaeque
1495 3545 1557 3597 su·

387 3641 508 3744 perius
538 3637 694 3718 breviter
722 3640 827 3718 retuli
858 3639 912 3742 (a.
945 3639 1005 3745 9.)
1034 3645 1180 3720 Constat
1199 3643 1293 3720 enim
1316 3655 1389 3722 tum
1407 3644 1551 3735 Titium,

387 3763 471 3840 licet
498 3761 729 3848 hoereticum,
760 3776 834 3840 tum
854 3763 971 3842 Caium
991 3765 1202 3844 catholicam
1223 3767 1337 3844 teneri
1357 3766 1553 3844 Tridentini

387 3885 529 3964 decreto
557 3886 739 3990 publicato
767 3900 803 3964 et
831 3912 943 3990 usque
974 3891 1114 3986 rigente
1144 3889 1351 3968 indioecesi
1380 3894 1424 3967 N.
1442 3918 1452 3986 ;
1472 3915 1556 3968 con·

387 4024 472 4106 stat,
504 4037 564 4090 eos
593 4012 776 4115 privilegio
804 4011 1052 4116 exemptionis,
1085 4015 1238 4118 siquod
1269 4013 1494 4108 habuissent,
1517 4016 1554 4092 in

387 4135 462 4222 loco
490 4160 561 4239 quo
589 4149 846 4214 contraxerunt·
863 4159 1047 4239 nunquam
1062 4136 1115 4214 uti
1132 4138 1292 4240 potuisse
1307 4139 1441 4242 quippe
1459 4137 1553 4242 quod

388 4256 510 4352 locale,
542 4283 613 4337 non
638 4257 823 4362 personale
851 4283 928 4336 esse
957 4259 1086 4361 possit3
1119 4273 1273 4354 constat,
1297 4261 1553 4342 declarationes

388 4381 570 4461 Benedicti
599 4387 676 4462 XIV
714 4383 806 4462 circa
839 4382 1061 4462 matrimonia
1093 4384 1351 4481 Helvetiorum,
1381 4385 1441 4464 ·Pii
1472 4389 1553 4464 Vlll
