3424 5300
891 465 927 516 .'..
951 472 1007 532 qqg
1030 505 1064 515 -

389 601 425 668 et
454 589 507 670 uti
536 589 642 670 talem
663 594 696 671 vi
716 593 848 698 pollere
868 595 981 698 legem
1000 596 1089 674 alias
1108 595 1338 676 constitutam
1358 590 1551 696 abrogandi

388 724 451 789 aut
475 729 616 794 vrtovaim
653 714 847 796 inducendi
885 717 958 824 (1).
995 724 1093 798 Tunc
1129 719 1223 798 enim
1251 717 1429 798 consentit
1457 721 1552 821 Papa

389 836 443 914 vel
471 837 643 944 Princeps
672 840 739 918 hoc
767 842 843 946 ipso
876 844 913 922 in
947 868 1068 923 omnes
1101 843 1335 948 particulares
1363 853 1554 920 consuetu-

388 957 490 1038 dines
517 961 673 1065 legitime
701 965 880 1061 inductas,
911 967 1075 1071 quamuis
1103 967 1161 1046 bic
1188 979 1224 1046 et
1251 989 1348 1044 nunc
1366 989 1427 1044 eas
1454 963 1554 1066 igno-

390 1099 457 1164 ret.
480 1129 504 1146 ·
523 1087 615 1166 Hinc
642 1089 800 1169 Sancbez
828 1116 908 1170 cum
927 1091 1008 1170 aliis
1027 1089 1238 1170 Doctoribus
1257 1089 1373 1184 docet,
1404 1111 1554 1166 consue·

389 1208 550 1288 tudinem
578 1214 708 1293 rationi
736 1239 926 1294 consonam
954 1229 990 1294 et
1009 1215 1165 1318 legitime
1185 1213 1440 1319 praescriptam
1460 1211 1551 1290 vires

390 1333 522 1414 babere
551 1350 626 1416 tum
654 1337 845 1418 inducendi
875 1365 1005 1419 nouum
1024 1339 1195 1419 dirimens
1218 1337 1447 1418 ecclesiastici
1466 1336 1553 1414 iuris

389 1458 696 1564 impedimentum,
727 1477 803 1544 tum
832 1465 975 1569 aliquod
1006 1466 1073 1542 inm
1092 1477 1269 1544 statutum
1288 1459 1469 1546 abolendi,
1492 1487 1553 1540 seu

390 1581 585 1690 derogandi
613 1587 873 1666 ecclesiasticae
902 1587 971 1690 legi
999 1587 1087 1666 illud
1116 1588 1290 1666 statuenti
1318 1589 1392 1690 (2).

471 1711 578 1786 Porro
604 1711 787 1814 quaelibet
805 1713 1025 1792 consuetudo
1044 1709 1234 1791 cessatione
1247 1711 1303 1788 vel
1331 1709 1556 1812 obroputicue

391 1833 586 1928 evanescit,
616 1835 713 1940 quod
741 1837 796 1915 vel
825 1835 898 1940 lopo
924 1838 981 1916 vel
1008 1835 1085 1914 olio
1112 1835 1361 1915 consuetudine
1379 1833 1555 1914 contraria

393 1951 469 2033 fieri
497 1969 628 2060 potest.
665 1963 825 2048 Quanam
856 1985 940 2038 vero
973 1962 1109 2040 ratione
1141 1960 1197 2038 vel
1229 1957 1492 2038 conditionibus
1521 1955 1554 2034 id

393 2077 469 2158 fieri
498 2077 626 2159 debeat
654 2083 856 2188 lurisperiti
884 2082 961 2162 fuse
990 2083 1132 2187 lateque
1161 2081 1388 2187 disputant(
1419 2081 1448 2182 ).

473 2212 511 2282 8.
543 2207 639 2284 Haec
667 2204 763 2285 diota
791 2207 865 2285 sint
892 2205 937 2284 ad
969 2205 1247 2299 ostendendum,
1285 2201 1471 2282 ordinario
1498 2229 1557 2282 ca-

395 2352 471 2406 rere
509 2328 722 2433 Episcopum
753 2343 930 2434 potestate
962 2329 1194 2434 dispensandi
1226 2330 1263 2405 in
1295 2325 1556 2432 impedimentis

393 2451 656 2532 matrimonium
688 2453 953 2533 dirimentibus.
993 2451 1298 2532 Eutrucrdinoru'o
1330 2466 1449 2531 tamen
1480 2453 1555 2529 iure

393 2573 588 2679 Episcopus
603 2575 819 2680 quandoque
833 2590 951 2682 potest
965 2577 1126 2656 relaxare
1141 2575 1446 2681 impedimentum,
1460 2573 1553 2680 quod

393 2695 532 2776 irritum
568 2698 724 2778 reddidit
761 2700 1021 2780 matrimonium
1059 2700 1126 2779 iam
1151 2697 1292 2804 publice
1318 2710 1552 2777 contractum.

396 2849 414 2892 ‹
437 2820 538 2900 Ultro
566 2821 674 2916 enim,
706 2821 831 2902 scribit
857 2823 1071 2904 Benedictus
1097 2827 1192 2918 XIV,
1219 2821 1445 2902 concedimus
1472 2822 1556 2927 Epi-

394 2967 498 3049 scopo
526 2943 615 3024 illud
644 2945 826 3024 relaxandi
855 2947 1074 3042 facultatem,
1105 2973 1212 3053 quam
1240 2948 1354 3026 eidem
1373 2945 1555 3026 ascribunt

393 3067 630 3164 Silvester...,
661 3073 781 3165 Setos,
813 3075 1007 3165 Nauarum,
1030 3071 1203 3166 Sancbez,
1226 3070 1390 3164 Pontius,
1412 3069 1548 3162 Zerola,

395 3189 642 3286 Cabassutius,
655 3194 811 3300 Sylvius,
829 3200 1033 3298 Fagnnnus,
1047 3195 1184 3276 Natalis
1199 3193 1412 3288 Alexander,
1429 3193 1492 3298 qui
1503 3207 1557 3272 ta·

396 3337 476 3394 men
491 3316 706 3398 unanimiter
722 3332 865 3398 monent
879 3345 949 3398 uon
965 3343 1067 3424 posse
1082 3319 1293 3423 Episcopum
1308 3344 1385 3398 eam
1400 3329 1557 3423 potesta-

352 3421 356 3432 *
397 3451 466 3518 tem
476 3437 545 3518 sibi
556 3465 744 3545 usurpare,
763 3441 832 3520 nisi
843 3440 1550 3522 simulconcurrantseucircumstantiae:

397 3564 520 3642 Primo
547 3564 696 3661 scilicet,
733 3568 868 3646 utiam
901 3568 1164 3648 matrimonium
1196 3567 1306 3648 luerit
1336 3578 1555 3648 contractum

395 3686 585 3768 infaciem
617 3689 808 3784 Ecclesiae,
845 3691 1080 3797 omnibusque
1117 3691 1290 3772 adhibitis
1321 3691 1557 3773 solemnitati-

468 3935 506 4008 (1)
524 3937 704 3994 Reilleristuel
726 3939 753 3993 b.
776 3943 795 3993 t.
818 3941 855 3996 De
872 3939 1078 3996 mausuetudine
1096 3957 1125 3996 n.
1151 3945 1210 3997 iso.
1226 3973 1243 3980 -
1265 3941 1381 4012 Pirbiog
1398 3942 1463 3998 itaut
1484 3941 1513 3994 le.
1536 3946 1556 3996 4.

395 4040 426 4080 n.
451 4027 490 4092 44,
513 4025 620 4098 quiqam
638 4026 713 4083 banc
732 4041 794 4084 esso
813 4027 881 4083 dicit
899 4041 1082 4086 communem
1103 4029 1337 4100 iurisperitorum
1357 4027 1527 4086 doctrinam.
1660 4008 1667 4030 ¹

467 4114 503 4186 (9)
523 4116 648 4174 sanciret
670 4115 721 4174 lib.
742 4121 767 4170 7.
788 4116 863 4188 disp.
886 4121 911 4170 4.
931 4131 985 4174 nn.
1008 4121 1106 4172 44-44.

468 4202 506 4274 (31
526 4204 573 4262 Cir
587 4203 761 4264 Laureolum
782 4203 833 4262 lib.
850 4211 874 4261 4.
889 4205 935 4262 tit.
950 4211 976 4260 4.
990 4213 1100 4278 quaest.
1116 4211 1166 4262 tot
1179 4212 1205 4262 et
1219 4220 1294 4278 seqq.
1313 4205 1454 4276 usquead
1469 4219 1556 4276 quae·

397 4297 433 4346 st.
454 4295 506 4347 4444
524 4292 674 4349 inclusive.
691 4323 706 4334 -
730 4293 808 4348 ldom
828 4297 933 4350 tinctor
953 4293 1015 4350 tuso
1034 4293 1149 4348 disserit
1168 4293 1197 4348 in
1217 4294 1294 4350 bunc
1316 4291 1501 4349 Decretalium
1523 4292 1556 4348 ti-

398 4379 492 4438 tulum
511 4380 546 4438 do
564 4397 662 4446 cuuto.
684 4381 927 4454 interpretatione
951 4397 1001 4440 seu
1024 4381 1194 4448 memnone,
1217 4381 1392 4452 probatione
1416 4387 1442 4438 et
1461 4379 1557 4452 effectu

397 4468 612 4526 consuetudinis
630 4484 644 4524 a
664 4469 832 4540 quaestione
850 4473 902 4525 544
922 4469 957 4526 aul
976 4469 1025 4526 rit.
1045 4475 1157 4542 querceti.
1183 4475 1241 4524 4444.
