3456 5300
699 387 732 395 ..
754 351 794 414 89
815 385 852 398 .-

191 503 234 556 ne
264 479 361 555 XXII
382 475 456 584 (1),
479 477 525 556 ab
553 477 754 558 Alexandro
768 481 823 558 ΙΙΙ
839 477 913 585 (2),
936 477 981 556 ab
997 479 1204 558 Innocentio
1218 479 1304 583 ΙΙΙ(
1336 463 1380 584 )’

186 631 229 683 aa
256 603 446 682 novissime
474 629 537 710 per
566 603 658 682 hane
685 603 884 682 Tridentini
913 601 1176 682 definitionem:
1208 603 1249 682 Si
1275 604 1354 712 puis

188 729 339 816 dixerit,
367 727 639 808 matrimonium
658 741 779 806 rutum
808 753 877 805 mou
905 739 1204 814 consummatum,
1216 754 1282 834 per
1302 755 1358 806 so-

187 855 336 935 lemnem
373 854 555 960 religionis
584 855 839 960 professionem
876 852 1026 933 alterius
1059 855 1247 960 coniugum
1284 882 1354 936 mou

188 979 330 1066 dirimi,
360 978 563 1062 anatliema¹
578 978 625 1055 sit
653 976 727 1084 (t).
752 1023 775 1036 -
795 981 911 1081 Atque
932 976 998 1056 hoe
1012 1002 1056 1055 ex
1069 977 1255 1084 privilegio
1274 1005 1356 1084 spe·

189 1101 270 1180 eiali
298 1129 319 1180 a
348 1099 488 1180 Christo
514 1124 682 1180 concesso
710 1113 746 1179 et
774 1098 820 1178 ab
848 1099 1005 1178 Ecclesia
1033 1097 1227 1196 declarato,
1258 1101 1352 1206 quod

189 1225 279 1304 satis
307 1223 486 1326 colligitur
515 1249 557 1302 er
587 1222 679 1302 laeto
700 1226 791 1328 ipso,
814 1226 935 1302 innota
955 1223 1068 1328 ipsius
1083 1225 1261 1304 Eoolesiae
1281 1241 1355 1306 tra-

189 1347 326 1426 ditione
356 1349 372 1452 (
401 1349 430 1452 ).

270 1473 633 1554 Animadvertendum
649 1489 768 1552 tarnen
783 1487 837 1552 est
852 1497 932 1550 eum
948 1471 1140 1552 Benedioto
1153 1475 1232 1552 XIV
1251 1473 1356 1580 ‹pri-

189 1597 359 1700 vilegium
390 1595 456 1676 hoo
484 1622 561 1676 esse
589 1623 794 1678 eoncessum
810 1597 1055 1707 tantummodo
1071 1597 1255 1700 religiosae
1275 1623 1357 1704 pro-

191 1721 337 1799 lessioni
366 1723 515 1800 emissae
544 1721 581 1798 in
609 1721 730 1827 aliqua
758 1749 801 1800 er
817 1719 1026 1830 approbatis
1054 1721 1300 1824 religionibus,
1319 1725 1356 1800 in
1402 1821 1405 1830 1

189 1841 325 1948 quibus
354 1843 519 1922 nimirum
540 1847 667 1922 emissa
687 1844 878 1940 eastitatis,
897 1844 1121 1950 paupertatis
1137 1859 1172 1923 et
1187 1845 1357 1924 obedien-

60 2058 67 2071 ,
192 1971 264 2046 tiae
291 1981 389 2064 vota,
420 1967 629 2046 solemnium
645 1969 715 2046 virn
735 1981 771 2046 et
785 1982 950 2046 naturam
970 1966 1151 2064 obtinent;
1174 1992 1356 2073 nunquam

192 2117 278 2170 vero
307 2090 517 2196 professioni
546 2091 661 2170 emitti
689 2091 815 2172 solitae
836 2093 873 2194 in
891 2089 1106 2196 quibusdam
1125 2089 1265 2197 piarnrn
1278 2119 1358 2172 rnu-

191 2216 320 2294 lierunr
353 2215 528 2310 coetibus
566 2215 676 2295 veluti
715 2216 985 2312 Tertiariarum,
1022 2215 1261 2320 Beguinarurn
1295 2233 1358 2299 aut

191 2339 418 2438 Oblatarum,
450 2367 602 2446 quarum
630 2353 711 2418 vota
740 2365 812 2420 non
842 2341 934 2419 inter
972 2339 1142 2420 solemnia
1171 2339 1232 2420 sed
1261 2340 1355 2422 inter

189 2463 366 2570 simplicia
394 2480 667 2544 recensentur»
699 2467 773 2570 (6).

276 2598 338 2666 lt.
370 2588 423 2668 Ad
454 2603 594 2694 ternpus
622 2588 718 2694 quod
746 2588 876 2667 attinet
908 2613 1114 2667 conoessum
1146 2589 1358 2692 coniugibus

191 2709 238 2789 ad
257 2709 528 2791 deliberandum
544 2713 588 2792 de
603 2711 784 2816 religionis
799 2711 961 2814 ingressu
976 2711 1056 2792 vide
1071 2712 1284 2792 Lenrenium
1300 2713 1358 2817 (7)

193 2835 342 2914 aliosve.

274 2969 337 3038 tu.
372 2961 523 3052 Quinto:
564 2960 739 3040 ‹ooniur
779 2972 1019 3038 eousrrmmato
1056 2959 1286 3038 matrimonio
1323 2975 1360 3040 et

193 3085 333 3166 seelusa
361 3087 456 3166 omni
485 3087 553 3166 alia
582 3111 704 3180 eausa,
736 3111 801 3164 nee
827 3085 923 3164 lioite
944 3111 1009 3164 neo
1027 3085 1144 3166 valide
1172 3083 1360 3189 profitetur

192 3209 401 3312 religionem
428 3209 505 3289 siue
536 3208 682 3287 licentio
714 3207 862 3287 alterius
897 3209 1111 3313 coniugis».
1143 3213 1287 3289 Constat
1315 3234 1359 3287 ex

192 3331 434 3413 decretalibus
463 3335 536 3438 (8).
569 3337 817 3411 Consummato
845 3331 938 3409 enirn
958 3331 1196 3428 matrimonio,
1227 3331 1358 3410 eonion

191 3481 266 3534 non
294 3471 349 3538 est
376 3461 432 3538 sui
462 3459 550 3538 iuris
578 3459 640 3540 sed
669 3459 832 3554 alterius
865 3463 922 3538 eui
950 3481 1013 3564 per
1028 3457 1292 3536 matrimonium
1320 3481 1358 3534 se

193 3582 365 3680 tradidit3
382 3583 556 3689 vadeoque
583 3609 625 3664 eo
653 3586 778 3680 invito,
809 3583 865 3662 vel
894 3581 992 3686 gravi
1020 3596 1117 3662 metu
1146 3583 1276 3662 iniuste
1305 3581 1363 3658 in·

268 3739 307 3814 (Ι)
327 3740 379 3798 Clt.
400 3742 521 3798 datrae.

266 3825 305 3898 (ἓ)
325 3827 358 3882 In
379 3839 441 3896 eap.
464 3827 568 3882 Verum
585 3831 612 3882 2.
633 3823 666 3882 de
683 3823 864 3880 eonomeiom
882 3820 1118 3893 coniugatorum.

269 3913 308 3988 (3)
328 3917 361 3971 1n
380 3929 442 3985 rap.
463 3915 506 3970 Eo
522 3922 607 3986 porte
625 3921 682 3972 tuo
701 3918 743 3968 m.
764 3912 794 3983 S.
814 3915 871 3968 Noa
889 3917 996 3978 tamea,
1018 3909 1112 3968 eodem
1131 3909 1177 3967 tr't.

271 4002 305 4075 (4)
325 4005 398 4060 Sera.
420 4008 465 4060 24.
486 4018 552 4060 eom.
572 4009 598 4058 6.
662 4049 664 4052 .
829 4009 830 4014 ’

269 4091 303 4164 (5)
323 4091 372 4149 ctr
390 4093 512 4149 Lauren.
536 4091 587 4148 tro.
609 4097 635 4146 t.
656 4091 703 4148 tit.
726 4094 769 4147 tt.
789 4095 901 4162 quaest.
921 4093 972 4144 279
992 4101 1006 4143 a
1026 4103 1056 4143 u.
1076 4091 1104 4143 t.

269 4181 304 4256 (6)
324 4182 427 4238 Bened.
447 4185 509 4239 xlv
528 4185 567 4238 De
584 4181 701 4254 synodo
722 4179 775 4237 tib.
797 4183 839 4234 to.
860 4191 924 4250 rap.
947 4181 988 4232 tt.
1008 4193 1039 4232 u.
1060 4181 1087 4232 9.

254 4271 307 4343 ’(7)
327 4271 388 4328 tto.
410 4277 436 4326 t.
457 4271 504 4329 tit.
526 4275 701 4343 mquam.
722 4273 785 4326 280.
833 4275 836 4280 '

271 4359 305 4432 (8)
325 4362 391 4432 cap.
412 4359 535 4432 quidam
554 4363 581 4416 tt.
602 4373 665 4430 cap.
683 4357 776 4428 putu
796 4359 838 4414 m.
859 4355 892 4414 de
914 4353 1094 4412 eouoerrtoue
1116 4352 1359 4424 coniugatorum.
