3402 5292
701 413 738 454 -'
760 407 818 468 335
842 439 877 452 -

196 533 269 612 nali
297 532 537 638 experientiae
567 531 606 610 lit
636 531 747 627 locus,
778 531 922 636 quando
938 529 1126 636 fripiditas
1151 528 1255 635 prins
1282 554 1370 633 pro-

195 655 275 736 bari
302 681 371 734 non
395 655 531 762 possit‚·
559 681 661 736 secus
690 682 762 736 non
789 671 845 736 est
872 655 1365 761 expectandnmtriennium,

193 781 402 888 praesertim
429 781 461 858 si
490 779 667 881 [rigiditas
703 795 783 885 post
814 780 958 886 plenam
991 780 1230 886 pubertatem,
1273 778 1365 858 idest

133 996 136 1002 ¹
195 906 233 982 in
261 905 346 986 viris
374 916 454 1009 past
483 902 658 983 decimum
686 918 851 984 octavum
878 905 1010 984 aetatis
1030 929 1177 998 annum,
1199 915 1236 982 et
1256 903 1293 980 in
1314 902 1366 981 le-

196 1028 302 1106 minis
341 1041 420 1132 post
458 1025 631 1106 decimum
668 1041 851 1132 quartum,
893 1051 964 1105 non
1001 1027 1161 1106 recessit.
1203 1031 1248 1104 Et
1279 1051 1366 1104 sane

196 1164 371 1254 quantum
401 1149 530 1230 rationi
546 1163 582 1228 et
602 1151 833 1256 perpetuitati
855 1149 1068 1228 matrimonii
1088 1174 1284 1251 congruum
1303 1173 1369 1253 ap·

199 1287 315 1380 paret,
347 1271 557 1352 triennalem
577 1273 833 1378 experientiam
853 1273 890 1350 in
908 1271 1018 1350 dubia
1037 1271 1246 1377 impotentia
1265 1295 1369 1375 prae-

200 1397 353 1478 scribere
383 1408 490 1500 atque
519 1396 744 1500 permittere;
768 1410 944 1476 tantuma
963 1397 1101 1476 ratione
1116 1409 1152 1474 et
1167 1396 1368 1480 ,honestate

200 1521 369 1600 abhorret
397 1519 493 1596 illam
526 1519 767 1624 praescribere
800 1520 944 1625 quando
972 1519 1015 1598 de
1049 1519 1256 1624 impotentia
1285 1519 1367 1624 per·

199 1657 323 1750 petua,
354 1640 485 1720 morali
513 1639 639 1720 saltem
658 1643 887 1730 certitudine,
907 1654 1061 1722 constat.
1086 1673 1104 1716 a
1127 1641 1235 1732 Quia,
1256 1656 1297 1721 ut
1316 1643 1367 1724 ait

203 1768 375 1862 Senensi,
416 1777 597 1846 constante
634 1765 859 1872 impotentia,
888 1793 930 1845 ac
964 1766 1108 1846 subinde
1144 1767 1369 1846 matrimonii

203 1891 384 1978 nullitate,
414 1901 540 1970 contra
567 1890 621 1968 ins
651 1903 804 1970 aatnroe
831 1903 919 1970 esset
950 1891 1115 1997 copulam
1143 1895 1366 1998 permittere,

202 2028 235 2094 et
263 2015 349 2122 qnia
377 2040 456 2094 cam
484 2026 578 2092 entet
602 2013 830 2120 apertissima
847 2015 1027 2120 probatio,
1047 2015 1189 2120 [rastra
1208 2031 1371 2124 expecta-

202 2152 302 2219 retur
329 2150 470 2218 eventus
500 2136 648 2224 trienni,
677 2137 776 2216 cuins
807 2137 926 2216 nallas
947 2138 1176 2218 induceretur
1195 2141 1366 2246 effectas»

202 2263 351 2368 (Sanch.
384 2265 451 2368 Op.
484 2261 545 2340 cit.
576 2259 640 2338 lib.
673 2269 709 2339 7.
751 2259 845 2366 disp.
889 2270 977 2341 107.
1014 2285 1114 2340 num.
1152 2261 1207 2366 3).
1231 2269 1370 2344 -Haec

202 2385 324 2465 eadem
353 2385 404 2464 sic
431 2384 563 2462 evolvit
591 2397 698 2488 atque
727 2384 923 2486 ingeminat
938 2383 1214 2488 christophorus
1243 2389 1365 2466 Cosci:

205 2541 223 2582 a
246 2507 395 2598 Quando
422 2521 564 2587 constat
592 2505 635 2586 de
655 2508 872 2586 antecedenti
897 2507 1105 2614 impotentia
1116 2521 1289 2614 perpetua
1308 2536 1371 2616 per

208 2665 227 2706 a
250 2635 506 2739 inspectionem
525 2660 734 2740 corporum.
752 2695 761 2711 .
779 2693 805 2728 .‚
824 2645 887 2712 aut
902 2647 957 2712 est
976 2633 1233 2729 commmittens
1262 2648 1297 2714 et
1311 2637 1371 2714 in-

211 2759 431 2848 «dubitata,
467 2774 553 2840 tuna
581 2760 701 2840 statim
733 2760 997 2840 matrimonium
1026 2759 1281 2838 declarandum
1315 2776 1371 2842 est

208 2913 226 2958 e
251 2883 403 2976 nullum,
422 2897 458 2961 et
472 2883 602 2988 absque
631 2895 705 2962 tum
726 2881 898 2962 triennali
925 2883 1179 2987 experimento,
1196 2894 1271 2960 tarn
1291 2910 1373 2962 aon-

212 3039 231 3082 «
254 3007 377 3111 iopam
405 3007 621 3095 iuramento,
637 3009 708 3112 ipsi
722 3020 805 3086 sunt
829 3008 1024 3112 separandi
1051 3007 1095 3085 ab
1114 3007 1212 3086 omni
1225 3008 1371 3088 carnali

206 3159 224 3202 a
248 3132 453 3208 commercia
471 3133 597 3237 (Rata,
617 3129 750 3226 Abbas,
774 3131 949 3234 Sancbez)
968 3163 1002 3208 a.
1026 3129 1127 3220 Quod
1148 3132 1177 3209 si
1195 3161 1213 3206 a
1239 3158 1302 3236 per
1316 3135 1373 3212 in-

210 3283 228 3328 ‹
252 3257 467 3359 spectionem
482 3269 545 3334 aut
574 3255 680 3333 aliam
695 3255 940 3360 probationem
969 3281 1040 3332 non
1062 3255 1243 3336 habentur
1266 3259 1371 3362 signa

208 3408 226 3453 a
250 3379 396 3484 pbysice
410 3393 507 3459 certa
522 3394 558 3460 et
576 3380 782 3484 simpliciter
805 3379 984 3458 euidentia
1000 3377 1226 3460 excludentiu
1243 3395 1373 3485 poten-

210 3535 229 3578 «
253 3501 352 3596 tiam,
366 3503 426 3580 sed
440 3516 558 3582 tamen
568 3502 779 3582 verisimilia
792 3515 824 3582 et
835 3503 1020 3584 moraliter
1034 3506 1138 3609 pansi
1159 3517 1375 3594 cerlatune

209 3627 477 3729 «regulariter,
509 3639 544 3704 et
573 3627 640 3705 nisi
669 3629 886 3708 contrarium
915 3629 1023 3708 iudici
1044 3628 1211 3734 expedire
1233 3629 1375 3708 videbi·

211 3766 325 3846 ‹tur,
358 3750 485 3830 omisso
514 3751 685 3830 triennali
711 3753 969 3857 coperimento,
985 3767 1021 3832 et
1041 3753 1230 3832 accedente
1260 3754 1377 3831 solum

211 3909 229 3950 a
252 3879 452 3956 iuramento
472 3890 547 3956 tum
568 3877 757 3980 coniugum
777 3876 821 3957 de
836 3877 978 3956 delectu
997 3876 1174 3982 perlectae
1209 3877 1372 3981 copulae,

213 4031 231 4074 a
253 4014 328 4080 tum
357 4015 491 4104 septem
511 4001 790 4105 propinquorum
809 4026 872 4080 seu
889 4001 1083 4080 vicinorum
1099 4001 1142 4080 de
1163 4001 1378 4106 praestanda

211 4122 463 4224 «coniugibus
499 4122 583 4217 fide,
616 4149 679 4228 pro
706 4123 873 4204 nullitate
907 4123 1040 4228 pariter
1079 4125 1294 4203 matrimonii
1323 4139 1379 4205 est

213 4274 231 4317 a
255 4247 561 4348 pronunciandum
577 4245 842 4350 (Reiffenstueb
858 4247 982 4350 liugel,
997 4247 1168 4344 Sancbez,
1192 4252 1242 4326 La
1257 4247 1374 4344 Croirr,

215 4367 405 4473 ‹Rota)›
436 4369 573 4474 (Cosciz
592 4377 641 4448 De
666 4359 889 4476 separatione
916 4370 985 4448 tori
1018 4368 1214 4476 caaiapalis
1243 4369 1305 4450 tta.
1340 4381 1377 4450 1.
