3406 5302
619 481 797 546 -291-

211 617 274 688 16.
306 611 414 714 Atqui
444 611 481 688 in
509 610 666 690 themate
695 610 827 689 nedum
856 610 956 688 nullo
983 623 1087 716 pacto
1107 625 1248 692 constat
1261 625 1300 692 et

128 757 232 810 nemo
261 731 382 812 docuit
410 731 454 810 de
482 731 607 814 lraude
637 734 692 813 vel
720 759 838 813 errore
868 747 941 812 tom
961 737 998 814 in
1019 735 1215 838 designatis
1236 761 1302 841 pa-

128 855 293 934 rentibus
334 855 457 936 Aloisii
485 861 554 952 tt,
586 870 661 936 tum
691 858 727 936 iu
756 859 944 938 identitate
981 874 1180 938 ceterarum
1217 885 1299 964 per·

127 1005 297 1058 sonarum
334 980 476 1060 schema
517 982 841 1084 consanguinitatis
884 985 1193 1088 componentium,
1235 984 1296 1063 sed

130 1105 235 1184 immo
251 1105 397 1184 testium
425 1105 469 1182 iis
497 1107 659 1210 personis
687 1131 896 1184 coaevorum
925 1107 1229 1187 luculentissimae
1257 1133 1298 1186 ac

132 1231 274 1310 iuratae
301 1227 543 1336 depositiones
571 1229 775 1334 plenissime
809 1232 959 1310 relatum
988 1231 1130 1310 schema
1170 1233 1300 1312 conlin-

129 1367 249 1446 mant‚
281 1366 321 1434 ut
350 1379 429 1434 mox
451 1353 666 1450 videbimus,
684 1368 721 1433 et
752 1355 905 1459 positivo
928 1381 1031 1433 omne
1052 1381 1198 1460 prorsus
1230 1357 1299 1435 du-

129 1479 230 1560 bium
259 1503 469 1583 omnemque
498 1477 634 1556 fraudis
666 1478 720 1558 vel
754 1481 884 1558 erroris
912 1479 1149 1583 suspicionem
1179 1482 1302 1560 exclu-

131 1603 237 1682 dunt.
259 1648 283 1662 -
305 1607 396 1705 Ergo
426 1602 652 1704 genealogiae
679 1601 842 1708 probatio
870 1601 907 1678 in
935 1603 1091 1682 themate
1124 1630 1168 1682 er
1196 1603 1299 1683 libris

132 1727 398 1832 parochialibus
426 1726 635 1830 deprompta
664 1725 735 1804 iam
763 1751 826 1830 per
854 1750 891 1804 se
919 1725 1019 1805 lirma
1041 1741 1096 1806 est
1115 1754 1156 1806 ac
1175 1729 1296 1834 plena.

664 1975 703 2072 g.
738 1979 773 2050 a.

130 2220 209 2302 dail
232 2224 273 2296 ob
296 2219 401 2296 altero
424 2219 648 2312 probationum
671 2237 800 2309 gonaro,
824 2237 865 2292 ox
895 2218 1033 2292 testium
1061 2237 1175 2309 nempe
1206 2219 1300 2308 dopo·

197 2329 375 2402 sicionibus
388 2327 602 2400 continuetur:
619 2327 673 2398 ubi
689 2327 727 2398 do
743 2326 879 2398 testium
896 2325 1300 2418 paulosamosatenos

198 2435 339 2526 quclrtar
356 2435 422 2544 ,troo
444 2436 477 2504 iu
499 2450 619 2524 genere
643 2431 843 2524 probationis
867 2432 1021 2522 deponere
1046 2433 1196 2510 debeant·

213 2720 480 2826 Proponendum
510 2733 630 2799 tamen
658 2733 713 2799 est
740 2719 785 2797 ad
815 2720 965 2798 alterum
988 2719 1216 2824 ‘probationis
1244 2743 1305 2822 ge-

133 2871 203 2924 nus
231 2873 274 2924 ex
304 2846 450 2924 testium
488 2843 786 2948 depositionibus
823 2843 969 2948 quibus,
1006 2868 1098 2948 quae
1126 2869 1169 2922 cx
1201 2868 1303 2948 paro·

132 2971 312 3050 chialibus
341 2970 442 3048 libris
469 2961 663 3056 eruuntur,
694 2967 909 3046 adamussim
939 2993 980 3045 ac
996 2967 1199 3072 plenissime
1219 2991 1304 3045 con-

133 3094 335 3179 firmantur.
368 3099 525 3182 Quarum
554 3090 815 3195 depositionum
849 3091 1023 3196 probandi
1052 3094 1106 3169 vis
1133 3106 1175 3170 ut
1203 3092 1306 3170 lucu·

133 3221 251 3300 lenter
279 3231 464 3325 appareat,
498 3217 670 3296 nonnulla
699 3217 959 3322 praemittenda
989 3231 1087 3296 sunt.

217 3353 279 3423 17.
312 3347 356 3422 Et
385 3341 668 3447 primoquidem
697 3341 740 3418 ad
775 3341 1018 3446 probationem
1057 3341 1303 3447 impedimenti

132 3493 198 3574 pro
227 3467 454 3546 dissolvendo
483 3467 707 3544 matrimonio
736 3468 969 3570 requiruntur
997 3466 1121 3544 saltem
1151 3467 1221 3544 don
1250 3480 1304 3545 te-

133 3605 208 3670 stes
229 3591 325 3668 omni
343 3593 544 3696 conceptione
563 3591 714 3668 maiores
736 3623 753 3661 «
773 3591 857 3693 quia
878 3606 933 3670 est
952 3615 1059 3669 causa
1081 3591 1302 3694 gravissima,

135 3716 217 3792 ‹in
245 3739 358 3820 eoque
387 3715 431 3792 de
465 3739 593 3817 magno
631 3715 849 3820 praeiudicio
886 3717 1018 3819 agitur.
1056 3715 1217 3794 liabetur
1245 3739 1309 3794 ex·

134 3863 301 3942 <presse
330 3863 361 3916 e.
399 3849 433 3931 1,
465 3837 507 3916 dc
534 3841 768 3942 consocpuin.
801 3838 862 3915 nbi
883 3837 918 3916 id
948 3840 1076 3918 docent
1095 3864 1239 3917 omnes.
1262 3899 1301 3917 ..

134 3992 154 4035 ‹
182 3963 313 4066 Excipe
341 3961 410 4039 nisi
441 3976 568 4064 agatur
596 3961 640 4040 de
669 3961 895 4040 dissolvendo
916 3963 1139 4041 matrimonio
1168 3962 1305 4040 ratione

133 4084 522 4190 ‹consocpoa'nitotist
561 4099 648 4164 tunc
675 4086 769 4164 enim
807 4098 892 4162 sunt
926 4083 1076 4189 teptttmi
1113 4096 1214 4162 testes
1243 4107 1307 4188 pa-

134 4239 154 4282 <
182 4223 301 4288 rentes
328 4225 365 4288 et
393 4209 689 4312 consanguinei»
726 4209 906 4314 (Sanclrez
940 4216 991 4287 Dc
1017 4222 1127 4286 matr.
1168 4207 1230 4286 tit.
1263 4217 1301 4286 2.

132 4333 229 4438 disp.
264 4341 328 4414 15.
351 4359 414 4412 on.
438 4335 613 4438 30-3l);
636 4331 743 4438 idque
763 4333 857 4412 clare
890 4349 1030 4413 constat
1062 4360 1105 4413 ex
1139 4357 1218 4438 cap.
1250 4333 1307 4410 oi-

130 4457 240 4537 010100
268 4467 307 4554 3,
339 4459 400 4564 qui
427 4460 588 4538 matrim.
619 4483 739 4536 occas.
770 4483 892 4562 poss,
932 4459 993 4538 ubi
1032 4459 1186 4540 traditur
1217 4457 1308 4538 haec
