3446 5298
664 465 702 480 -
723 435 780 494 393
803 465 839 478 -

169 577 230 632 seu
259 557 378 661 potius
406 583 425 636 e
453 581 643 662 congressu
672 557 833 637 extranei
860 557 1019 662 corporis
1046 554 1249 656 contigeris
1282 581 1328 632 an

169 679 405 784 myrtilormos
434 680 646 760 carunculae
674 679 919 775 inveniantur,
942 701 1136 781 eurumque
1151 677 1333 780 magnitu-

170 798 305 897 dinem,
336 829 539 900 numerum,
570 818 606 884 et
634 801 962 898 conformationem,
994 801 1134 904 aliaque
1155 801 1256 902 signa
1285 796 1330 876 ab

170 937 245 1004 arte
273 925 406 1005 tradita
426 927 668 1029 integritatem
696 940 759 1006 aut
786 927 1048 1031 corruptionem
1068 923 1228 1002 mulieris
1247 947 1333 1000 con-

170 1047 355 1130 stituentia
384 1050 508 1130 sedulo
536 1051 740 1156 inspiciant.
764 1049 898 1128 Deinde
918 1073 1155 1154 unaquaeque
1184 1049 1331 1126 seorsim

171 1170 309 1276 singula
337 1197 430 1277 quae
458 1177 629 1280 repererit
656 1173 723 1252 sub
751 1187 971 1252 sacramento
999 1171 1128 1268 ludici,
1146 1186 1183 1252 et
1200 1199 1220 1250 a
1240 1177 1333 1252 Can-

171 1293 311 1374 cellario
339 1298 472 1403 scripto
499 1297 651 1376 fideliter
680 1297 867 1391 tradenda,
899 1297 1067 1376 distincte
1095 1309 1266 1402 exponat,
1297 1309 1333 1374 et

171 1417 256 1522 quid
285 1419 382 1524 ipsae
410 1423 569 1500 sentiant
597 1420 640 1498 de
670 1421 766 1499 illius
793 1419 1000 1523 integritate
1028 1419 1222 1499 declarent.

250 1545 461 1624 Earumdem
490 1545 728 1652 depositiones
743 1545 936 1652 praedictis
950 1545 1111 1652 Physicis
1126 1545 1334 1624 examinan-

171 1668 237 1747 dae
266 1669 472 1768 tradantur,
502 1683 545 1752 ut
563 1671 756 1750 decernant
775 1697 861 1750 num
880 1671 1007 1752 mulier
1039 1669 1156 1750 adhuc
1193 1675 1333 1773 integra

171 1789 336 1870 habenda
356 1793 417 1888 sit,
440 1808 550 1900 atque
570 1796 832 1874 matrimonium
851 1819 923 1874 non
938 1809 1220 1874 consummatum
1239 1795 1334 1873 iudi-

170 1916 337 1996 candum.

250 2049 379 2124 Verum
408 2047 438 2124 si
466 2045 610 2151 aliquod
629 2035 778 2125 dubium
798 2046 916 2125 adhuc
939 2047 1188 2152 explicandum
1208 2071 1335 2152 super·

171 2171 231 2264 sit,
263 2171 473 2275 opportunis
501 2171 546 2249 ab
574 2171 661 2277 ipsis
688 2171 849 2278 Physicis
881 2173 1102 2250 concinnatis
1135 2171 1334 2274 interroga-

172 2292 344 2388 tionibus,
376 2294 505 2373 iterum
534 2294 751 2374 Obstetrices
785 2296 1050 2388 examinentur,
1081 2307 1116 2373 et
1144 2296 1174 2374 si
1203 2296 1335 2374 nihilo-

170 2416 289 2494 minus
316 2441 447 2522 anceps
480 2420 677 2498 Peritomm
714 2417 884 2496 iudicium
920 2420 1169 2523 permanserit,
1205 2443 1334 2524 corpus

171 2539 330 2618 mulieris
357 2539 403 2618 ab
432 2540 519 2646 ipsis
547 2542 770 2645 inspiciatur,
803 2541 968 2620 adstante
987 2565 1071 2620 vero
1089 2545 1250 2620 Matrona
1270 2565 1336 2618 arr·

172 2666 292 2768 tiquac
320 2663 479 2758 virtutis,
510 2664 671 2769 nullique
699 2665 898 2769 exceptioni
931 2663 1098 2760 obnoxia,
1130 2676 1165 2742 et
1194 2663 1239 2742 ab
1267 2667 1334 2741 Or-

170 2784 309 2864 diuario
337 2785 574 2889 designanda3
606 2787 748 2892 expleta
768 2789 987 2893 inspectione
1007 2787 1176 2866 iudicium
1192 2785 1332 2864 dabunt

169 2909 311 3016 Physici
344 2909 575 3014 singulasque
613 2909 792 3015 proferent
830 2915 986 2990 rationes
1026 2911 1159 3016 quibus
1178 2911 1335 3015 ipsorum

171 3033 350 3111 sententia
379 3033 560 3111 innititur.

251 3156 513 3236 Praetereuuda
532 3154 677 3234 tandem
696 3155 852 3234 nouerit
871 3155 1099 3259 investigatio
1118 3181 1226 3261 super
1244 3181 1337 3260 qua-

171 3279 274 3360 litate
302 3282 447 3358 testium
476 3279 599 3358 audito
627 3277 828 3358 eorumdem
855 3279 1022 3382 parocho,
1045 3279 1100 3358 vel
1129 3279 1198 3358 alia
1225 3278 1336 3384 proba

172 3417 210 3482 et
236 3404 394 3508 apprime
422 3404 597 3482 instructa
626 3427 777 3506 persona
805 3415 925 3481 utrum
954 3402 1021 3507 ipsi
1047 3403 1120 3481 sint
1141 3401 1243 3480 bonis
1262 3427 1337 3480 mo·

172 3527 273 3605 ribus
300 3526 442 3622 imbuti,
473 3551 515 3604 ac
542 3526 682 3631 plenam
710 3539 917 3604 mereantur
935 3525 1039 3604 fidem
1059 3526 1199 3605 illorum
1228 3525 1339 3631 depo-

173 3653 333 3730 sitiones.

251 3775 424 3853 Omnibus
451 3775 617 3880 superius
644 3775 828 3852 recensitis
859 3774 1048 3876 diligenter
1075 3773 1120 3852 ab
1149 3773 1338 3853 Ordinario

171 3899 343 3996 collectis,
377 3899 438 3978 illa
479 3897 524 3976 ad
555 3923 587 3976 s.
624 3899 935 4000 Congregationem
974 3899 1113 3978 mittere
1149 3897 1338 3977 festinabit

170 4022 368 4102 decretorio
394 4021 473 4100 eius
500 4020 632 4100 iudicio
661 4019 899 4099 subiicienda.
