3444 5302
899 393 937 408 ..
959 362 979 424 6
1000 393 1038 409 ..

386 478 532 584 proprie
571 478 688 560 dictae
724 483 892 564 servituti
929 483 1096 564 addictus
1128 486 1192 564 sit:
1224 497 1310 564 tunc
1346 483 1551 563 enimcum

387 602 547 684 ciusdem
575 604 649 684 sint
676 606 893 688 conditionis
920 609 1075 704 servilis,
1105 608 1369 688 matrimonium
1395 611 1487 690 inter
1513 633 1552 688 se

387 727 505 808 valido
534 730 752 810 contrahunt
780 730 972 839 (t);-sed
1000 759 1080 812 cum
1109 733 1165 812 vir
1191 733 1282 814 liber
1309 745 1405 814 certo
1431 745 1548 839 putat,

387 880 426 935 se
454 856 666 936 contrahere
694 883 774 936 curn
803 857 916 936 libera
943 872 982 938 et
1008 858 1179 962 ingenua,
1210 883 1303 963 quae
1336 869 1551 938 tamennon

387 982 435 1061 sit
462 981 651 1076 eiusmodi,
686 996 724 1062 at
755 995 880 1062 contra
912 983 981 1062 sub
1013 983 1148 1064 domini
1180 995 1357 1088 potestate
1389 995 1470 1068 actu
1501 980 1551 1060 ita

387 1109 597 1204 constituta,
629 1120 670 1185 ut
698 1133 769 1185 non
798 1107 902 1186 modo
928 1107 1089 1186 eiusdem
1117 1107 1355 1187 iurisdictioni
1382 1121 1551 1212 tanquam

387 1230 547 1327 subdita,
579 1245 643 1310 aut
671 1233 749 1310 eius
776 1231 999 1314 oeconomico
1027 1231 1191 1334 regimini
1218 1244 1389 1336 tanquam
1421 1227 1550 1308 famula

388 1357 443 1436 vel
472 1381 576 1436 serva
604 1355 729 1460 glebae
766 1355 998 1450 subiciatur,
1034 1355 1097 1436 sed
1126 1371 1307 1461 tamquam
1338 1353 1552 1459 mancipium

388 1508 452 1562 seu
481 1507 584 1560 serva
612 1481 667 1560 vel
696 1505 823 1560 servus
851 1480 975 1560 stricte
1003 1482 1155 1585 sumpti:
1188 1477 1276 1560 adeo
1309 1492 1350 1558 ut
1380 1491 1553 1585 patronus

388 1606 426 1684 in
455 1601 629 1683 eiusmodi
656 1601 834 1709 mancipia
861 1628 926 1684 scu
954 1629 1076 1684 servos
1103 1604 1245 1710 plenam
1273 1628 1417 1684 exerere
1436 1599 1555 1679 valeat

388 1741 617 1833 potestatem,
649 1739 686 1805 et
714 1751 777 1832 per
805 1751 1029 1833 consequens
1056 1753 1116 1808 eos
1145 1742 1316 1834 tanquam
1347 1752 1421 1806 rem
1452 1750 1553 1804 suam

388 1849 558 1946 vendere,
589 1849 670 1928 aliis
698 1849 829 1946 locare,
860 1875 932 1956 quo
960 1851 1113 1931 voluerit
1141 1854 1397 1947 transmittere,
1419 1862 1455 1929 et
1472 1846 1554 1954 qui·

388 1976 547 2057 buslibet
584 1973 692 2054 licitis
729 1973 897 2080 operibus
930 1976 1110 2056 addicere.
1150 1976 1249 2057 ldorn
1285 1973 1473 2056 dicendum
1508 1973 1554 2051 de

389 2103 538 2182 muliero
557 2098 670 2180 libera
690 2113 855 2204 respectu
874 2099 984 2196 servi,
1006 2125 1114 2206 quem
1132 2099 1285 2182 liberum
1303 2113 1340 2180 et
1360 2101 1552 2202 ingenuum

388 2224 556 2331 putabat.
938 2213 948 2244 ³

471 2357 508 2425 7.
539 2344 753 2424 Huiusmodi
782 2345 1087 2450 impedimentum,
1119 2347 1215 2454 quod
1244 2347 1289 2427 ab
1317 2351 1446 2426 erroris
1463 2371 1554 2451 qua-

388 2471 491 2551 litate
510 2469 642 2548 dicitur
661 2467 888 2557 conditionis,
908 2473 1072 2576 quamvis
1090 2497 1235 2552 romano
1254 2475 1332 2552 iure
1351 2471 1550 2566 inductum,

388 2608 426 2676 et
444 2595 544 2673 iuxta
564 2593 736 2696 quosdam
765 2595 843 2676 iure
862 2609 1013 2675 naturae
1041 2596 1096 2674 vel
1110 2597 1276 2699 gentium
1295 2599 1370 2700 (2),
1392 2593 1554 2702 nuptiale

390 2737 510 2801 tamen
547 2717 683 2798 dirimit
719 2719 995 2800 christianorum
1033 2719 1157 2800 loedus
1193 2726 1279 2828 quia
1316 2719 1553 2800 ecclesiastico

388 2844 466 2923 iure
498 2841 676 2922 sancitum
705 2845 779 2947 (3).
817 2847 868 2922 Ea
900 2857 1020 2925 tamen
1052 2843 1186 2923 dirimit
1219 2845 1315 2946 lege,
1350 2856 1393 2922 ut
1425 2840 1554 2921 coniux

389 2965 494 3069 liber,
534 2979 723 3071 postquam
755 2965 905 3046 alterius
936 2965 1101 3047 servitem
1129 2968 1364 3047 conditionem
1391 2963 1551 3060 rescivit,

390 3115 456 3169 nec
475 3089 567 3169 lacto
586 3113 652 3167 nec
680 3088 790 3168 verbo
809 3091 846 3168 in
874 3091 1139 3172 matrimonium
1158 3119 1238 3172 cum
1257 3091 1430 3172 eiusmodi
1453 3113 1557 3170 servo

391 3214 447 3293 vol
475 3237 577 3292 serva
596 3213 831 3292 consenserit.
864 3213 899 3293 Si
920 3215 1013 3294 enim
1031 3215 1124 3296 liber
1148 3215 1386 3296 conditionem
1405 3215 1555 3294 ancillae

393 3350 477 3416 ante
505 3335 652 3439 nuptias
679 3339 897 3439 cognouerit,
921 3339 976 3417 vel
1000 3339 1160 3419 eiusdem
1188 3340 1361 3420 servitute
1388 3352 1470 3445 post
1488 3364 1557 3416 nu-

392 3457 486 3563 ptias
513 3457 655 3560 cognita
684 3457 721 3536 in
748 3461 1011 3541 matrimonium
1041 3478 1160 3543 tamen
1188 3464 1422 3559 consenserit,
1448 3475 1485 3542 et
1502 3463 1556 3538 ri-

391 3607 550 3676 coversa,
592 3581 687 3658 valet
721 3581 849 3662 initum
882 3585 977 3666 inter
1005 3613 1065 3668 eos
1097 3589 1301 3693 coniugium
1339 3591 1557 3694 (lp-Haec

391 3705 514 3786 eadem
547 3705 742 3808 ingeminat
775 3709 942 3814 synodus
964 3710 1177 3795 'libanensis
1214 3712 1333 3818 quoad
1365 3727 1558 3816 utrumque

390 3855 544 3911 errorem
568 3853 742 3934 personae
770 3845 806 3911 et
834 3833 1045 3913 coodt'tt'oot's
1075 3837 1091 3940 (
1119 3839 1148 3938 ).

462 4002 498 4073 tl)
517 4005 586 4075 Cap.
605 4003 732 4076 dippum
752 4011 778 4074 t,
798 4009 832 4064 dc
850 4009 988 4082 coutupio
1006 4023 1167 4068 amorum.

461 4093 496 4164 (2)
513 4091 562 4150 ctr
580 4095 754 4152 Laurentum
776 4093 827 4154 tto.
844 4103 870 4152 t.
885 4097 932 4156 ttt.
948 4104 976 4156 t.
988 4107 1102 4172 quaest.
1123 4105 1185 4158 tta.

459 4178 500 4251 (3)
514 4183 582 4252 cap.
593 4183 745 4254 proposuit
755 4189 853 4258 torp.
868 4187 910 4244 od
922 4193 1057 4246 nostram
1067 4195 1082 4244 t
1092 4190 1185 4247 etutt.
1199 4189 1233 4248 dc
1243 4188 1383 4262 centuplo
1394 4199 1555 4247 amorum.

461 4265 497 4338 lt)
515 4268 567 4325 cu.
588 4283 670 4342 capp.
691 4276 753 4329 Μ
766 4279 792 4328 t.
808 4275 843 4331 de
860 4275 978 4349 contup.
1002 4291 1076 4334 soro.

460 4353 500 4430 (t)
520 4357 654 4428 synodus
673 4359 799 4419 libanen.
821 4361 842 4420 t.
861 4361 910 4424 ctt.
930 4364 961 4436 S.
980 4367 1007 4424 a
1027 4380 1077 4424 nn.
1099 4369 1163 4426 1-9.
