3444 5302
758 481 913 546 -13-

256 629 328 685 uon
347 606 473 702 libere,
504 631 614 713 seque
641 621 814 714 tanquam
842 608 1120 690 instrumentum
1148 607 1294 704 habeat,
1326 607 1429 688 ideo-

257 757 326 837 que
356 733 394 810 in
427 733 601 812 actionem
629 733 728 811 nullo
755 745 860 839 pacto
888 733 1101 814 consentiat.

337 865 375 936 2.
407 863 519 936 Metus
539 869 699 938 autema
718 857 796 937 iure
816 855 999 952 definitur,
1030 855 1201 934 instantis
1220 855 1277 935 oei
1303 857 1428 961 satori

251 981 407 1088 periculi
425 1009 534 1061 caasa
552 979 680 1060 mentis
700 980 893 1086 trepidatio
912 982 986 1086 (1).
1012 982 1137 1060 Gravis
1157 979 1289 1060 dicitur
1308 993 1427 1060 metus

256 1107 318 1212 qui
346 1105 444 1185 cadit
479 1104 518 1184 in
550 1116 766 1184 constantem
795 1105 944 1192 viram,
983 1105 1156 1186 eiusmodi
1189 1129 1343 1211 nempe,
1383 1119 1426 1184 ut

255 1232 435 1311 homiuem
463 1229 672 1336 ceteroquin
699 1229 833 1308 virtute
861 1228 1064 1335 praeditum
1097 1229 1342 1335 propositique
1369 1242 1427 1310 te-

256 1379 379 1434 nacem
413 1354 532 1433 valeat
564 1352 770 1432 notabiliter
797 1375 1044 1448 commovere,
1084 1366 1125 1432 ut
1155 1375 1235 1432 oum
1263 1353 1424 1432 continet

256 1479 380 1558 mortis
408 1477 621 1584 periculum,
653 1477 810 1581 corporis
838 1477 1048 1556 cruciatum.

334 1607 443 1681 Porro
461 1615 578 1680 metus
596 1599 828 1705 quantumvis
852 1602 970 1704 gravis
997 1599 1198 1681 libertatern
1218 1626 1291 1681 non
1310 1601 1421 1696 tollit,

257 1725 325 1804 nisi
345 1723 561 1831 quandoque
581 1723 736 1804 rationis
759 1721 900 1803 auferat
918 1723 1141 1804 exercitium.
1174 1725 1266 1802 Hinc
1289 1737 1359 1820 est,
1381 1737 1423 1802 ut

256 1849 450 1952 generatim
480 1861 684 1928 contractus
704 1859 918 1953 permotum
946 1849 1026 1928 initi
1055 1848 1281 1928 rescindendi
1300 1850 1427 1954 potius

256 1974 342 2070 sint,
374 1999 481 2079 quam
510 1971 658 2051 invalidi
686 1972 843 2052 habendi
873 1973 888 2076 (
917 1973 947 2078 ).

334 2103 379 2176 lt
407 2122 491 2177 uero
519 2122 599 2176 cum
627 2121 767 2175 sacrum
799 2096 955 2200 coniugii
987 2095 1113 2178 foedus
1150 2099 1258 2178 semel
1292 2101 1423 2180 initum

256 2223 408 2328 amplius
449 2221 595 2300 dissolvi
636 2233 814 2326 nequeat,
846 2222 924 2300 iure
966 2235 1111 2301 cautum
1153 2237 1230 2319 ost,
1262 2237 1304 2304 ut
1338 2224 1423 2304 irri-

255 2361 332 2424 tum
359 2346 416 2424 rel
457 2346 535 2450 ipso
572 2344 617 2422 ab
645 2343 747 2423 initio
775 2345 845 2440 sit,
885 2344 916 2422 si
953 2359 1051 2424 metu
1084 2345 1185 2425 illato
1216 2348 1423 2453 compulsus

256 2468 363 2546 uerba
392 2467 474 2574 quis
502 2467 652 2574 protulit
684 2491 893 2562 consensus,
928 2467 1012 2546 licet
1040 2469 1158 2548 animo
1186 2468 1416 2566 dissentiret,

256 2591 442 2672 deficiente
475 2591 520 2671 ob
552 2605 685 2671 metum
720 2591 901 2670 incussum
935 2591 1040 2696 plena
1078 2591 1244 2673 libertate
1272 2617 1426 2674 consen-

255 2742 316 2796 sus
338 2716 410 2820 (3).

333 2849 370 2918 3.
402 2843 451 2918 Ut
479 2854 600 2918 autern
628 2839 892 2919 matrimonium
920 2839 965 2918 ob
992 2853 1125 2920 metum
1162 2840 1210 2920 sit
1243 2841 1418 2938 irritum,

256 2962 475 3066 requiritur:

336 3085 475 3173 Primo,
504 3099 545 3166 ut
572 3101 690 3166 metus
717 3090 764 3165 sit
788 3087 927 3190 pravis,
949 3087 1019 3194 (l).
1051 3093 1115 3167 Est
1142 3100 1262 3167 autern
1290 3089 1445 3170 iudicis-

255 3210 409 3289 officium
429 3209 643 3315 expendere,
674 3211 792 3314 gravis
820 3237 865 3290 na
894 3211 941 3291 sit
960 3239 1006 3290 an
1025 3213 1146 3316 potius
1174 3211 1261 3291 lonis
1287 3227 1323 3292 et
1342 3215 1426 3293 ina-

255 3333 325 3429 nis,
356 3333 543 3438 perpensis
571 3331 750 3412 adiunctis
780 3336 861 3440 (5);

335 3455 508 3544 Secundo,
536 3469 577 3537 ut
605 3455 736 3537 iniuste
763 3457 885 3537 illatus
914 3459 975 3554 sit,
1006 3460 1091 3564 quia
1121 3463 1150 3538 si
1177 3485 1283 3565 quem
1311 3460 1419 3540 iudex

254 3593 351 3658 motu
380 3605 575 3686 poenarum
602 3595 704 3685 cogat
732 3581 862 3660 ducere
889 3607 1035 3662 uxorem
1064 3583 1233 3688 puellam,
1265 3584 1322 3663 cui
1342 3598 1423 3664 stu·-

254 3727 358 3808 prum
386 3705 523 3802 intulit,
556 3705 672 3784 iustus
700 3705 758 3784 hia
784 3717 901 3784 metus
931 3721 985 3786 est
1004 3733 1024 3784 a
1044 3707 1133 3811 legis
1160 3709 1308 3814 imperio
1335 3735 1421 3816 pro-

254 3825 398 3923 cedens,
429 3854 494 3907 seu
522 3828 642 3934 potius
668 3829 715 3908 ab
742 3829 819 3934 ipso
847 3843 980 3910 metum
1008 3833 1182 3937 patiente,
1213 3835 1276 3940 qui
1305 3835 1421 3914 eidem

325 4039 359 4110 lll
379 4040 444 4111 Lag.
467 4041 492 4096 1.
514 4041 545 4096 D.
565 4041 626 4097 aad.

325 4124 442 4200 (ilLeg.
462 4129 507 4184 21.
529 4131 561 4186 D.
581 4129 641 4186 aod.

254 4303 266 4353 t
291 4297 297 4308 Ι
326 4211 360 4281 (3)
373 4213 440 4312 top.
455 4213 570 4270 casteria
588 4215 624 4270 13
635 4221 664 4270 et
687 4215 1036 4286 decanneacubita,
1059 4216 1093 4274 dc
1110 4215 1295 4290 sponsalibus
1313 4225 1340 4278 at
1358 4233 1422 4276 nra·

267 4311 406 4356 remoneo.

326 4385 364 4460 lt)
382 4389 423 4444 Ex
442 4389 490 4446 cit.
511 4403 572 4460 cap.
593 4389 639 4448 be.

326 4469 361 4542 (5)
381 4471 428 4529 cir
446 4476 611 4546 Fagnauum
631 4475 661 4530 in
680 4489 741 4547 cap.
763 4475 980 4546 insultationi,
1004 4477 1241 4552 desponsalibus
1259 4495 1289 4537 n.
1311 4485 1355 4538 lt.
