3406 5302
872 505 905 522 -·
927 475 1050 536 282-

378 603 667 705 Congregationis
693 627 716 678 a
745 605 892 680 secretis
925 602 1056 704 ingenii
1086 599 1153 678 mei
1182 601 1367 702 exiguitati
1397 597 1547 676 deman-

381 723 465 808 dato
505 723 594 804 illud
632 725 722 818 milri
761 723 907 802 dubium
937 723 1144 803 diluendum
1179 721 1360 828 proposui,
1392 721 1541 799 scilicet:

459 893 483 908 -
511 855 566 926 Aa
607 847 781 926 sententio
825 847 955 928 cartae
982 846 1199 954 Episcopalis
1225 846 1272 922 ait
1299 845 1546 949 confimaooda

377 974 432 1054 vel
461 973 682 1078 infirmanda
711 973 750 1052 ia
778 997 877 1051 cosa.
911 1019 935 1032 -
1178 981 1179 986 '

458 1103 521 1179 l'el
550 1101 628 1206 ipsa
649 1099 756 1178 huius
776 1097 875 1178 dubii
895 1099 1099 1176 enunciatio
1118 1097 1229 1175 veluti
1248 1122 1355 1174 manu
1376 1095 1479 1173 duxit
1498 1093 1544 1172 ad

376 1225 643 1331 inquirendum,
675 1249 717 1302 ea
745 1250 817 1328 qua
843 1248 908 1328 par
936 1235 1013 1301 erat
1040 1221 1239 1326 diligentia,
1263 1221 1307 1299 de
1325 1219 1544 1300 matrimonii

377 1351 495 1430 valore
525 1349 570 1428 ob
598 1363 773 1427 assertum
801 1349 1122 1450 consanguinitatis
1151 1345 1460 1451 impedimentum.
1581 1368 1592 1399 ¹

456 1476 510 1553 wSit
537 1473 648 1576 igitar
675 1496 829 1575 sequens
857 1471 1087 1576 disquirenda
1116 1496 1156 1548 ac
1185 1469 1381 1547 dirimenda

848 1722 1071 1808 Ouausrlo

388 1919 446 2040 h
473 1969 711 2044 matrimonium
742 1971 776 2042 iu
806 1971 952 2046 themate
980 1969 1102 2043 nullom
1131 1973 1229 2061 atquo
1256 1968 1387 2040 irritam
1410 1967 1457 2040 sit
1481 1969 1521 2041 ab

578 2080 741 2150 assertam
765 2079 1059 2168 consanguinitatis
1082 2076 1350 2166 impedimentum.

457 2327 506 2402 Ut
533 2337 650 2404 autem
671 2325 786 2404 ordini
805 2339 841 2406 et
860 2325 1015 2411 claritati
1044 2324 1264 2416 consolator,
1288 2319 1543 2426 inquirendam

378 2445 478 2550 ptius
507 2447 593 2550 quid
614 2451 649 2524 in
671 2451 762 2544 iure;
784 2448 867 2527 dein
887 2447 973 2553 quid
993 2451 1030 2527 in
1051 2447 1141 2528 tacto
1162 2448 1364 2551 plenissime
1384 2471 1426 2524 ae
1445 2458 1543 2524 certo

376 2581 515 2648 constet
543 2569 588 2648 ah
616 2571 786 2652 exhibitis
815 2571 1045 2652 iudicialibus
1072 2572 1308 2652 documentis.

902 2823 941 2920 ς.
973 2825 1003 2898 1.

478 3068 608 3148 tuitio
630 3068 699 3141 iura
723 3067 760 3140 da
784 3066 989 3162 cognationis
1011 3067 1172 3142 naturalia
1195 3068 1433 3160 impedimenta.

453 3322 490 3393 8.
523 3313 691 3416 Cognatio
718 3311 915 3400 naturalis,
944 3339 1007 3392 sou
1048 3312 1352 3416 consanguinitas,
1382 3339 1540 3394 commu-

373 3437 467 3519 nitcr
500 3451 570 3516 tam
614 3463 634 3514 a
677 3436 864 3540 theologie,
907 3461 1014 3542 quam
1056 3463 1076 3514 a
1113 3437 1250 3516 iuristis
1287 3439 1457 3520 delinitur
1494 3465 1538 3518 er

371 3559 408 3638 d.
432 3561 565 3640 Thoma
585 3560 640 3663 (in
661 3569 698 3638 t.
721 3559 757 3638 d.
783 3565 847 3638 ld.
871 3562 967 3640 anic.
985 3587 1021 3638 o.
1046 3563 1086 3665 t)
1107 3561 1288 3640 uinculum
1300 3587 1536 3666 personarum

371 3682 415 3761 ab
448 3683 564 3762 eodem
597 3681 719 3788 stipite
751 3685 918 3788 proaimo
955 3709 1021 3789 per
1062 3685 1245 3764 carnatem
1277 3688 1538 3789 decorationem

371 3807 667 3894 descendentium,
697 3807 792 3912 quod
821 3808 956 3888 scilicet
984 3809 1125 3912 exurgit
1153 3834 1196 3886 ex
1226 3809 1365 3888 unitate
1390 3823 1427 3889 et
1455 3835 1539 3914 par-

370 3931 576 4037 ticipatione
603 3931 762 4012 eiusdem
782 3932 982 4035 sanguinis.
1004 3977 1028 3994 -
1049 3935 1139 4010 ilina
1157 3945 1270 4037 patet,
1294 3935 1400 4012 etiam
1420 3933 1537 4037 illegi-

371 4060 473 4136 timos
501 4071 537 4136 et
565 4059 701 4163 spurios
731 4059 853 4135 venire
889 4059 1029 4136 nomine
1066 4057 1425 4158 consanguineorum,
1457 4083 1535 4136 eum

370 4195 529 4286 spectato
556 4183 635 4274 iure
663 4183 834 4276 naturali,
864 4181 971 4262 etiam
1001 4183 1052 4263 illi
1082 4207 1124 4260 eu
1153 4184 1328 4285 sanguine
1349 4197 1424 4261 tum
1448 4181 1534 4286 ipsis

370 4319 445 4384 tum
474 4306 640 4408 legitimis
669 4309 845 4388 communi
873 4305 1106 4400 descendant;
1147 4305 1321 4411 adeoque,
1359 4320 1401 4386 ut
1432 4319 1536 4386 notat

368 4433 501 4535 Pyrrus
528 4429 704 4510 Corradus
732 4433 883 4537 (Promis
913 4431 1066 4536 dispens.
1088 4455 1155 4540 vop.
1187 4429 1214 4508 l.
1235 4435 1272 4508 7.
1296 4455 1327 4508 c.
1353 4433 1390 4507 l.
1414 4455 1451 4508 a.
1476 4431 1530 4532 6),
