3406 5302
691 413 808 474 -269
829 445 866 458 -

193 531 267 608 risa
296 530 570 612 declinabantur
598 534 719 636 gravia
747 561 790 614 er
818 548 919 640 porte
940 533 1198 614 baereticorum
1224 536 1359 616 incom-

192 653 294 732 moda
323 659 505 736 occasione
534 657 631 736 illius
659 658 791 738 decreti
820 659 869 763 (l.
892 685 924 738 6.
955 685 992 736 a.
1015 658 1062 760 9)
1084 705 1106 716 -
1127 659 1195 737 dlii
1217 661 1357 742 demum

191 782 310 882 potius
347 781 544 860 secundum
581 785 822 888 prudentiam,
857 811 963 889 quam
996 783 1041 862 ad
1070 785 1230 864 tramites
1268 786 1356 864 iuris

190 903 437 1006 quaestionem
474 906 749 1011 perpendentes
786 921 1040 1000 autumarent,
1082 932 1154 986 666
1186 909 1354 1012 expedire

190 1051 318 1105 causae
347 1040 455 1130 atque
475 1029 695 1109 utilitatibus
714 1031 910 1110 catholicae
930 1031 1127 1132 religioniS,
1151 1031 1356 1112 huiusmodi

189 1153 413 1230 matrimonia
443 1155 542 1231 irrita
571 1155 765 1252 declarare,
798 1170 833 1234 et
862 1155 912 1234 sic
935 1181 1042 1260 quam
1072 1155 1193 1258 gravia
1222 1159 1355 1236 incom-

189 1275 292 1354 moda
321 1277 404 1356 inde
432 1279 625 1358 metuenda
653 1295 773 1360 essent
801 1278 999 1359 enarrando
1027 1278 1225 1384 pergebant
1253 1282 1350 1384 (1.6.

189 1427 252 1480 co.
287 1411 411 1484 10-11
427 1405 456 1509 l.

268 1531 317 1606 De
347 1528 459 1607 altero
487 1542 606 1607 autem
633 1527 854 1632 quaestionis
882 1527 997 1632 capite
1025 1529 1120 1632 quod
1149 1530 1184 1607 in
1201 1531 1353 1610 secunde

187 1648 320 1730 decreti
357 1665 460 1755 parte
497 1651 682 1729 definitum
720 1649 801 1744 luit,
842 1651 1008 1728 nimirum
1042 1652 1085 1730 de
1119 1653 1352 1732 matrimoniis

186 1773 312 1852 mistis
341 1776 435 1853 inter
462 1799 569 1852 unam
599 1787 736 1879 partem
765 1773 974 1852 catholicam
994 1787 1031 1852 et
1051 1775 1197 1854 alteram
1227 1776 1353 1855 haero-

185 1896 291 1974 ticam
321 1899 359 1976 in
387 1897 576 1974 Hellandia
604 1911 642 1976 et
669 1897 789 1998 Belgio
817 1897 916 1974 initis
945 1897 1021 1976 sine
1051 1898 1197 2002 parochi
1226 1925 1267 1977 66
1299 1913 1353 1978 te-

186 2031 294 2101 stium
321 2023 541 2128 praesentia,
573 2047 680 2102 sensu
699 2022 921 2127 quaestionis
940 2021 1121 2127 sapienter
1143 2025 1347 2129 explanate,

185 2147 422 2226 concordibus
451 2147 628 2249 sullragiis
657 2147 694 2224 in
713 2171 791 2224 earn
818 2147 1031 2224 sententiam
1074 2151 1164 2226 itum
1201 2163 1268 2243 est,
1309 2164 1351 2229 ut

184 2269 291 2348 sicuti
320 2271 438 2350 valida
467 2271 647 2350 declarata
676 2269 819 2349 lucrant
846 2273 1069 2350 matrimonia
1089 2273 1349 2353 baereticorum

185 2394 279 2473 inter
308 2421 345 2473 66
374 2397 410 2472 16
438 2395 631 2499 praedictis
659 2395 763 2490 16616,
786 2395 836 2474 ita
855 2395 973 2473 valida
992 2396 1062 2474 dici
1082 2395 1254 2477 deberent
1274 2425 1349 2476 ma-

184 2519 351 2596 trimonia
379 2519 521 2611 6616616·
551 2519 760 2623 «quoniam
796 2545 875 2598 cum
912 2520 1102 2623 coniugum
1137 2523 1240 2616 alter,
1273 2537 1349 2602 tum

185 2645 366 2722 «ratione
394 2643 461 2722 lori
488 2645 526 2720 in
553 2669 623 2749 quc
651 2643 804 2738 habitat,
838 2657 911 2722 tum
941 2645 1080 2723 ratione
1107 2646 1281 2724 societatis
1311 2647 1348 2724 in

184 2789 297 2869 «qua
324 2767 427 2861 vivit,
467 2780 652 2870 exemptus
690 2767 785 2843 sita
827 2766 1042 2845 tridentinae
1082 2767 1214 2872 Synodi
1252 2768 1344 2867 lege,

184 2893 403 2995 «exemptio
431 2917 503 2994 qua
535 2893 610 2995 ipse
644 2891 789 2984 fruitur,
826 2891 928 2968 alteri
961 2893 1054 2994 parti
1088 2891 1346 2970 communicata

184 3029 385 3094 «remanet
423 3027 567 3119 propter
603 3013 892 3093 individuitatem
924 3027 1144 3108 contractus,
1181 3015 1216 3091 ri
1244 3020 1347 3092 cuius

183 3138 402 3242 «exemptio
429 3163 522 3242 quae
550 3139 613 3215 uni
641 3163 684 3214 eu
712 3137 876 3242 partibus
895 3139 1076 3241 competit,
1105 3137 1150 3214 ad
1179 3137 1342 3229 alteram,

182 3262 420 3340 «secundum
448 3263 554 3342 etiam
593 3263 714 3340 civiles
750 3262 859 3363 leges,
896 3261 1118 3357 extenditur,
1158 3262 1345 3365 eidemque

182 3387 543 3466 ‹communicatur›
575 3385 627 3490 (l.
659 3411 691 3464 6.
723 3410 760 3462 o.
795 3388 879 3488 12).
901 3429 925 3443 -
945 3389 999 3462 En
1033 3385 1143 3488 igitur
1176 3409 1345 3488 quorsum

179 3509 341 3588 recidant
369 3512 539 3603 rationes,
570 3508 614 3587 ob
643 3535 734 3613 quas
761 3507 846 3586 data
874 3506 941 3585 luit
960 3509 1192 3587 benedictina
1220 3509 1345 3587 Decla-

179 3636 271 3712 ratio
300 3633 392 3712 circa
419 3634 642 3712 matrimonia
671 3633 746 3711 6166
774 3632 1032 3712 haereticorum
1061 3635 1155 3711 inter
1183 3657 1235 3727 66,
1268 3634 1344 3712 6166

177 3759 288 3837 mixta
316 3748 353 3836 in
382 3757 552 3863 praelatis
580 3757 784 3859 regionibus
813 3757 916 3850 inita,
949 3781 1075 3861 nempe
1096 3757 1141 3835 ad
1169 3757 1343 3860 desectum

174 3882 426 3987 publicationis
453 3881 604 3977 decreti3
636 3881 743 3985 idque
763 3882 836 3958 6166
862 3881 947 3983 quia
976 3881 1013 3958 in
1041 3881 1116 3960 1666
1144 3905 1216 3958 666
1235 3880 1344 3960 luerit

176 4007 242 4084 rite
272 4007 533 4111 promulgatum
562 4005 722 4110 (ratione
741 4003 809 4082 loci
824 4003 861 4081 in
880 4029 950 4108 quo
966 4005 1142 4109 habitat),
1165 4005 1240 4083 6166
1254 4003 1341 4108 6616

176 4129 214 4206 16
241 4133 411 4208 societate
441 4129 619 4207 haeretica
649 4153 719 4206 non
747 4127 959 4230 intelligitur
986 4129 1208 4233 publicatum
1228 4127 1283 4205 vel
1304 4127 1341 4203 in

176 4275 217 4329 66
243 4278 467 4358 quacumque
487 4252 627 4330 demum
647 4275 840 4330 causanon
861 4251 956 4354 riget
976 4255 1142 4358 (ratione
1165 4250 1340 4329 societatis

176 4375 215 4452 in
240 4401 313 4480 qua
340 4375 466 4482 vivit).
498 4377 671 4456 Rationes
699 4399 783 4478 ergo
802 4401 846 4453 ex
860 4374 1139 4455 circumstantiis
1166 4374 1341 4456 localibus
