3406 5302
898 477 936 494 ..
958 447 1018 510 276
1037 479 1076 494 .-

509 571 562 651 td
591 581 638 652 2¹¹·
669 576 760 651 «ln
795 570 974 678 parochus
1009 570 1189 652 Eoolesiao
1217 595 1248 650 s.
1266 571 1445 651 Franoisoi
1465 571 1573 652 luerit
1697 629 1698 632 a

395 695 567 802 proprios
594 695 881 776 eontrahentium
910 695 1088 801 parochus
1107 696 1163 775 vel
1182 719 1305 774 eorum
1326 696 1455 776 saltem
1482 697 1573 778 alte·

397 823 549 916 rutrius‚
580 821 632 899 ita
659 833 702 900 ut
729 819 851 898 valide
876 844 995 898 ooram
1014 844 1057 899 eo
1076 819 1236 925 potuerit
1253 820 1418 900 oontrahi
1448 823 1572 902 matri-

400 946 557 1024 monium
586 945 624 1024 in
652 945 807 1022 easul»

507 1071 618 1174 Resp.
650 1066 837 1172 Nepotioe,
868 1066 954 1172 quia
982 1066 1107 1147 deerat
1134 1066 1350 1148 domicilium
1369 1067 1568 1174 volquasi-

400 1190 637 1287 domicilium
668 1190 754 1295 quia
782 1190 838 1268 vir
864 1215 936 1270 non
965 1203 1042 1270 erat
1061 1215 1191 1294 vagus3
1213 1191 1491 1298 quiaparoohus
1509 1191 1568 1272 illo

400 1315 660 1420 delegationem
688 1341 760 1395 non
788 1327 973 1422 aooeperat
1000 1341 1021 1391 a
1049 1339 1121 1419 quo
1148 1315 1193 1396 de
1221 1316 1313 1395 iure.

504 1439 557 1518 Ad
586 1449 633 1519 3¹¹¹
662 1445 759 1518 «tn
785 1439 956 1519 sustineri
984 1439 1096 1545 possit
1125 1439 1233 1520 huius
1259 1439 1475 1520 matrimonii
1504 1465 1568 1518 va·
1697 1515 1699 1548 ὲ

399 1563 525 1644 lidites
552 1563 608 1643 vel
637 1590 680 1642 ex
709 1562 875 1668 eoquod
904 1563 1018 1643 Titius
1046 1563 1091 1642 ad
1120 1564 1333 1644 haereticam
1360 1567 1567 1644 sooietatem
1697 1611 1699 1634 ι

396 1689 607 1794 pertineret,
639 1687 689 1766 ita
718 1699 758 1767 ut
787 1711 860 1766 non
889 1699 1072 1768 teneretur
1099 1686 1299 1767 Tridentini
1327 1687 1404 1792 lege
1424 1687 1469 1767 de
1489 1715 1564 1768 ma-

396 1812 563 1892 trimonio
590 1837 708 1892 eoram
735 1815 878 1917 proprio
905 1809 1061 1918 parocho
1089 1809 1369 1892 oelebrandol>
1546 1898 1552 1915 ·

501 1941 613 2042 Resp.
644 1935 831 2040 Napaeae,
854 1935 940 2041 quia
968 1937 1006 2013 in
1021 1935 1126 2014 ltalia
1146 1937 1242 2040 viget
1261 1935 1349 2018 illud
1364 1935 1560 2033 decretum,

392 2075 430 2141 et
457 2061 712 2141 eontrahentes
742 2059 1029 2140 subiiciebantur
1057 2059 1127 2138 iuri
1155 2061 1332 2140 oommuni
1359 2061 1441 2140 loci.
1698 2149 1699 2160 p

497 2185 636 2274 Quibus
662 2185 790 2292 positis
818 2183 864 2262 ad
892 2183 1043 2262 dubium
1071 2183 1139 2264 hao
1158 2184 1195 2262 in
1214 2208 1322 2262 eausa
1342 2187 1562 2290 propositum
1698 2173 1699 2186 Ν

503 2313 600 2386 «Αη
627 2321 768 2388 oonstet
794 2307 839 2387 de
866 2306 1033 2386 nullitate
1060 2305 1277 2386 matrimonii
1305 2306 1343 2386 iu
1370 2331 1456 2388 oasu
1479 2337 1498 2382 ›
1519 2353 1543 2370 -

941 2577 1009 2636 SEU

385 2926 466 3007 riae
492 2929 705 3034 episeopolis
733 2931 771 3007 in
798 2931 952 3007 oasul»

497 3053 720 3159 Responderi
749 3045 863 3158 posse'
880 3051 1041 3131 uidetur:
1072 3049 1310 3156 Affirmutioe,
1339 3073 1404 3130 seo
1430 3047 1559 3128 oonfir·

387 3175 552 3256 mandam
581 3203 660 3258 esse
688 3179 902 3258 sententiam
930 3177 1056 3256 Curiae
1084 3176 1308 3283 episcopalis.

495 3307 593 3383 Haeo
620 3318 740 3383 tamen
768 3304 900 3398 omnia,
931 3327 1023 3407 quae
1051 3328 1116 3408 pro
1143 3303 1211 3382 mei
1230 3301 1408 3382 tenuitate
1422 3299 1556 3404 ingenii
1696 3295 1697 3298 ‘

387 3426 546 3534 prolerre
573 3429 711 3523 censui,
742 3441 784 3508 ut
811 3427 952 3530 singula
980 3439 1016 3505 et
1045 3426 1197 3533 plurima
1215 3451 1320 3532 quae·
1336 3423 1555 3504 ermiseeri-

389 3550 458 3629 bus
485 3575 614 3629 causae
642 3549 744 3648 laoile
773 3550 980 3630 oriebantur
1008 3549 1118 3628 dubia
1147 3549 1384 3642 diluerentur,
1415 3572 1457 3627 ea
1485 3571 1554 3652 qua

387 3699 453 3782 par
480 3687 558 3754 erat
585 3678 799 3770 reverentia,
830 3673 1094 3780 sapientissimo
1123 3676 1159 3751 S.
1179 3677 1217 3752 C.
1240 3677 1279 3751 C.
1301 3675 1472 3752 Eurorum
1490 3675 1555 3748 Pa-

387 3811 482 3878 trum
497 3795 628 3875 iudioio
655 3823 696 3877 ao
724 3822 895 3876 oensurae
911 3795 1106 3876 humillime
1127 3796 1352 3900 libenterque
1372 3793 1523 3874 subieci.

499 2809 595 2882 «ln
623 2803 864 2911 confirmanda
891 2805 947 2884 rel
976 2799 1188 2884 infirmanda
1217 2801 1266 2882 sit
1294 2799 1474 2882 sententia
1493 2803 1562 2879 Cu·

518 4096 553 4153 Β.
576 4095 613 4155 0.
638 4095 789 4153 Oonollii
810 4097 854 4152 ed
874 4093 1058 4164 proposita
1077 4093 1187 4150 dubio
1206 4103 1422 4162 responsum.

363 4363 364 4366 κ
464 4315 528 4393 Die
559 4323 607 4393 27
637 4313 791 4392 ianuarii
824 4321 922 4393 1872
952 4312 1133 4418 proposito
1152 4309 1281 4389 dubio:
1304 4315 1361 4386 Ao
1379 4307 1555 4386 sententio

387 4437 516 4518 Curioe
534 4437 741 4545 episcopalis
756 4437 803 4516 sit
823 4435 1068 4543 confirmando
1083 4435 1138 4515 oel
1152 4433 1373 4540 infirmando
1392 4435 1432 4513 io
1451 4459 1551 4520 cusu,
1694 4523 1695 4542 p
