3424 5300
902 471 940 486 -
964 439 1020 502 178
1041 471 1078 485 -

815 693 1070 770 antistitis
1098 693 1148 768 11.

408 961 452 1034 ile
474 958 680 1033 accusatione
713 975 751 1031 ao
773 955 1007 1031 testificatione
1028 955 1236 1045 matrimonii,
1260 973 1318 1028 eeu
1348 955 1386 1029 de
1420 919 1567 1048 personia

472 1066 543 1140 iura
565 1063 730 1138 habilibus
747 1063 787 1136 ad
802 1062 961 1158 agendum
976 1080 1014 1136 ao
1037 1061 1253 1152 inponendum
1267 1063 1384 1136 ooutra
1408 1063 1568 1138 matrimo-

474 1171 561 1244 nium
583 1169 637 1244 oei
658 1189 716 1262 pro
738 1187 775 1243 eo
797 1170 853 1258 (1).

489 1446 523 1514 1.
555 1437 634 1513 Nou
662 1432 704 1512 de
733 1431 948 1510 matrimonii
987 1434 1210 1510 accusatione
1251 1423 1483 1512 contradendi
1511 1430 1566 1512 hic

408 1561 539 1663 agitur:
570 1558 783 1636 denuntiare
812 1556 906 1634 enim
945 1556 1195 1662 impedimenta
1224 1558 1446 1662 potissimum
1483 1553 1567 1637 diri-

408 1683 556 1778 mentia,
587 1682 617 1760 si
646 1707 737 1785 quae
766 1681 838 1758 siut
867 1683 960 1758 inter
989 1705 1152 1786 sponsos,
1184 1705 1304 1760 omncs
1332 1683 1394 1788 qui
1422 1708 1464 1762 ea
1506 1705 1567 1760 no

409 1820 495 1886 runt
520 1817 671 1912 possunt
700 1830 740 1884 ac
759 1803 906 1898 debent,
937 1829 1053 1908 nequa
1081 1830 1141 1883 eus
1161 1804 1206 1882 ab
1238 1805 1412 1886 eiusmodi
1432 1807 1568 1886 danun-

409 1931 559 2010 ciatioue
603 1929 934 2035 impedimentorum
974 1944 1012 2007 et
1047 1928 1313 2034 impugnatione
1356 1929 1566 2010 matrimonii

412 2055 584 2160 repellere
598 2051 651 2134 las
670 2067 738 2150 est,
757 2053 826 2132 uisi
842 2051 884 2130 de
905 2051 1080 2131 malitiosa
1096 2055 1319 2132 accusatione
1334 2057 1566 2160 suspicionem

399 2181 589 2283 ingerant.

491 2312 528 2381 2.
560 2303 686 2406 agitur
714 2326 796 2405 ergo
825 2301 957 2380 daiam
985 2302 1159 2380 contracti
1177 2301 1393 2382 matrimonii
1421 2329 1565 2382 accusa-

410 2427 519 2522 tione,
551 2425 625 2503 sive
653 2425 788 2529 quoad
818 2425 885 2502 tori
914 2426 1191 2531 separationem,
1228 2429 1399 2530 sineque
1428 2427 1472 2506 ad
1492 2430 1570 2508 vin-

409 2551 481 2632 culi
518 2549 800 2631 dissolutionem.
845 2549 897 2626 nd
937 2549 1140 2630 huiusmodi
1186 2559 1305 2630 autem
1350 2553 1569 2657 peragendas

411 2673 658 2756 accusationes
686 2700 758 2753 non
777 2699 897 2754 omnes
934 2677 1131 2780 promiscue
1160 2676 1413 2758 admittuntur.
1445 2682 1569 2784 ltaque

489 2813 528 2882 3.
561 2799 684 2880 Primo
720 2801 751 2880 si
790 2826 897 2880 causa
925 2801 1063 2904 agenda
1104 2801 1151 2880 sit
1179 2801 1224 2880 ad
1254 2800 1485 2880 obtinendam
1526 2803 1569 2882 ab

411 2929 527 3008 iudice
556 2925 814 3034 separationem
845 2928 910 3006 tori
943 2940 979 3006 et
1007 2925 1240 3006 habitationis
1274 2928 1411 3006 ratione
1439 2927 1569 3032 patrati

411 3053 592 3149 adulterii,
623 3052 679 3132 vel
707 3051 752 3132 ob
781 3052 924 3132 nimiam
952 3051 1151 3146 saevitiam,
1185 3052 1332 3130 aliamve
1365 3053 1569 3133 canonicam

410 3201 567 3272 causam,
599 3176 644 3254 ad
681 3175 920 3256 accusandum
939 3175 1141 3254 admittitur
1160 3177 1257 3256 solus
1285 3176 1455 3256 inuocans
1487 3203 1571 3258 con·

411 3301 486 3397 iux,
531 3303 661 3406 quippe
699 3301 801 3380 cuius
842 3315 982 3380 tantum
1028 3301 1191 3398 interest,
1235 3315 1272 3381 et
1308 3303 1410 3380 cuius
1451 3300 1568 3384 lavore

411 3424 655 3530 principaliter
683 3422 867 3504 inductum
894 3440 950 3504 est
978 3430 1034 3504 ius
1061 3425 1151 3504 illud
1182 3426 1309 3529 agendi
1337 3425 1382 3505 ad
1410 3451 1448 3505 se
1468 3454 1489 3506 a
1508 3455 1570 3507 no-

410 3564 510 3630 cente
539 3549 687 3652 coniuge
716 3551 954 3656 separandum
979 3549 1052 3656 (d).
1076 3552 1154 3630 -Si
1183 3577 1266 3630 vcro
1285 3577 1355 3630 uon
1384 3553 1429 3632 ad
1453 3553 1570 3634 divor-

411 3675 500 3754 tium
528 3674 775 3770 obtinendum,
807 3675 869 3754 sed
898 3675 1017 3780 potius
1046 3675 1091 3754 ad
1119 3678 1324 3756 canonicam
1350 3678 1567 3786 legalemque

404 3823 555 3905 paenam
583 3797 773 3903 petendam
802 3797 1050 3895 draconario,
1082 3800 1177 3906 quod
1206 3801 1465 3906 publicumsit·‚
1489 3803 1564 3887 fieri

482 4003 518 4076 (1)
538 4001 607 4059 Vide
628 4001 680 4059 ito.
701 4007 727 4057 t.
747 4003 796 4060 tit.
824 4009 866 4061 48.
888 4005 1082 4074 decretalium,
1108 4006 1157 4077 qui
1181 4007 1281 4064 titulus
1307 4007 1490 4066 inscribitur:
1513 4008 1569 4078 oui

408 4091 637 4150 matrimonium
649 4105 786 4148 accusare
797 4101 926 4164 poseant,
942 4095 987 4152 oei
998 4101 1100 4152 eontra
1113 4095 1388 4166 ittooecooiacort.-
1414 4099 1464 4156 Cir
1484 4101 1569 4158 etiam

407 4183 570 4240 canonistas
589 4181 625 4238 ad
643 4181 828 4239 decretalium
851 4182 902 4239 lid.
923 4189 949 4240 5.
971 4184 1018 4243 to't.
1041 4188 1071 4246 i:
1102 4188 1138 4242 De
1162 4187 1409 4257 accusationibus,
1438 4189 1567 4263 inquiet·

411 4271 547 4340 tinnibat,
570 4271 853 4328 denuntiationibus.

481 4362 517 4434 (2)
535 4367 602 4434 nrp.
623 4375 685 4433 cop.
707 4367 772 4418 tuoe
789 4363 976 4434 dammnati
990 4369 1015 4433 t,
1038 4365 1072 4422 de
1083 4365 1350 4438 praetendentium
1362 4399 1381 4409 -
1396 4381 1459 4440 cap.
1477 4369 1567 4428 mart

409 4448 448 4508 tic
466 4455 491 4520 d,
514 4451 548 4508 de
565 4449 724 4508 adulterata
742 4455 768 4506 at
785 4458 899 4526 stupro.
