3446 5298
664 481 699 494 -
724 447 840 510 auo-

343 573 391 640 De
417 571 677 661 impedimentis
693 574 820 640 diuino
844 572 902 640 vel
918 574 1077 640 betruano
1102 570 1177 640 iure
1198 571 1247 640 di-

301 679 514 748 rimentibus
530 701 600 768 quo
616 679 657 748 ad
676 679 886 750 iacuttatem
903 679 1126 768 dispensandi
1156 700 1240 769 pap.
1272 686 1332 749 162

342 793 390 856 ue
414 787 541 858 summi
566 785 748 856 Pontificis
764 791 944 875 potestate
967 783 1191 874 dispensandi
1209 786 1247 854 in

298 893 585 984 impedimentis!
634 943 1175 960 ..........
1224 923 1240 956 n
1271 899 1333 962 161

342 1002 394 1068 An
418 999 606 1088 Episcopus
629 998 831 1087 dispensare
855 997 975 1066 valeat
998 999 1191 1068 ordinaria
1214 1008 1247 1066 et

297 1109 341 1176 de
372 1109 452 1174 turc
485 1109 634 1190 proprio
670 1103 707 1172 in
740 1103 1004 1192 impedimentis
1039 1102 1245 1172 dirimenti-

300 1213 365 1280 bus
381 1259 1177 1278 ..............
1227 1239 1243 1274 n
1286 1210 1333 1278 ib.

345 1318 397 1386 rin
420 1337 464 1386 ex
487 1317 755 1384 consuetudine.
774 1353 796 1366 -
819 1319 867 1382 De
891 1317 1158 1384 conditionibus
1189 1335 1247 1384 ne·

300 1421 473 1504 cessariis,
500 1426 542 1490 ut
565 1421 782 1493 consuetudo
798 1425 872 1489 etur
890 1422 978 1508 lepis
994 1419 1134 1502 babeat,
1154 1425 1192 1488 et
1211 1418 1248 1488 in

301 1529 459 1600 themate
482 1533 592 1616 quote
616 1531 773 1616 tempore
797 1526 985 1616 praescribi
1011 1527 1141 1616 possit,
1166 1527 1249 1597 -de

299 1641 493 1708 cessatione
524 1635 581 1704 ret
606 1637 838 1724 ubrepatione
861 1634 1128 1706 consuetudinis
1169 1687 1176 1701 .
1227 1664 1243 1698 n
1275 1641 1335 1702 161

341 1743 395 1810 An
418 1739 605 1831 aliquando
630 1740 818 1829 Episcopus
841 1741 1140 1808 extraordinario
1173 1740 1248 1808 iure

298 1853 409 1943 possit
426 1853 584 1922 retaxare
599 1849 891 1940 impedimentum
907 1849 999 1940 quod
1016 1850 1159 1918 irritum
1171 1849 1247 1918 red-

298 1959 389 2027 didit
419 1956 687 2026 matrimonium
722 1957 792 2024 iam
825 1957 965 2043 publice
996 1963 1246 2037 contractuum

259 2113 261 2116 -
297 2071 373 2134 -et
396 2065 525 2154 quibus
549 2064 585 2132 in
610 2062 891 2132 circumstantiis
934 2114 1176 2129 .....
1227 2091 1243 2124 n
1274 2067 1337 2128 168

344 2171 396 2238 tin
412 2171 521 2238 etiam
538 2189 619 2238 cum
636 2167 904 2236 matrimonium
917 2172 972 2236 est
988 2175 1247 2254 6666166666-

299 2277 540 2357 trcbendum,
574 2281 612 2343 et
646 2273 855 2363 quibusdam
889 2274 1098 2361 urgentibus
1129 2293 1248 2344 rerum

299 2381 480 2450 adiunctis
522 2431 1176 2448 ............
1227 2407 1243 2442 n
1274 2383 1335 2446 169

343 2491 390 2558 De
421 2487 535 2558 causis
569 2487 717 2576 aliisque
748 2484 965 2574 exponendis
995 2486 1038 2556 ad
1069 2485 1245 2575 dispeusa-

301 2595 434 2664 tionem
458 2593 528 2663 rite
551 2593 779 2664 obtinendam
800 2595 1060 2680 (instructio).
1111 2645 1118 2659 .
1169 2645 1176 2659 .
1227 2597 1336 2660 6176

169 2703 258 2772 CAP.
286 2705 340 2768 vt.
369 2705 416 2768 ne
440 2701 514 2769 toro
538 2705 774 2789 competente,
801 2700 843 2768 de
867 2719 1031 2788 processu
1055 2703 1094 2768 et
1118 2698 1247 2768 iudicio

302 2807 338 2876 in
362 2807 478 2877 causis
501 2805 823 2876 matrimonialibus
870 2855 1171 2872 ......
1221 2834 1237 2868 n
1279 2805 1327 2874 ib.

171 2915 253 2981 166.
279 2919 307 2981 1.
331 2917 380 2982 De
405 2914 479 2982 toro
502 2917 728 3004 competente
754 2964 1055 2979 ......
1065 2883 1113 2977 ’.
1165 2964 1172 2978 .
1223 2917 1329 2979 »171

346 3025 394 3089 De
410 3019 649 3090 ecclesiastico
664 3019 794 3102 iudice,
813 3020 869 3088 cui
888 3020 963 3088 iure
979 3019 1152 3108 competit
1168 3039 1248 3088 eau-

304 3145 422 3194 sarum
447 3125 760 3194 matrimonialium
776 3125 942 3214 cognitio,
968 3147 1010 3194 ac
1033 3126 1075 3194 de
1098 3127 1176 3194 eius
1200 3124 1248 3193 16-

301 3231 439 3300 cultatc
462 3231 643 3320 detegendi
699 3261 1244 3300 ..........
1287 3231 1335 3300 ib.

344 3335 527 3418 Quodnam
551 3345 748 3424 cunipetcns
772 3337 929 3406 tribunal
954 3357 1016 3427 pro
1040 3337 1156 3406 causis
1177 3357 1249 3406 ma·

300 3443 562 3514 trimouialibus
581 3445 720 3513 ratione
736 3445 916 3514 ‹torrrtcitii
933 3497 1177 3512 .....
1228 3472 1244 3508 n
1275 3448 1337 3511 173

345 3551 392 3616 66
416 3551 655 3639 competentia
680 3549 745 3618 tori
771 3549 806 3618 in
827 3551 986 3619 Ecclesia
1007 3551 1188 3618 Orientali
1229 3578 1245 3612 n
1275 3553 1338 3616 176

167 3653 247 3720 tar.
274 3657 314 3720 u.
341 3657 390 3722 tte
412 3655 639 3724 accusatione
663 3675 704 3724 66
730 3653 984 3724 testificatione
1015 3655 1247 3740 matrimonii,

300 3760 427 3830 sende
451 3761 610 3850 personis
633 3761 708 3830 iure
732 3759 908 3830 habilibus
940 3761 984 3830 ad
1012 3761 1184 3850 agendum
1208 3781 1250 3830 ac

299 3865 545 3955 deponendum
568 3871 693 3935 contra
709 3865 977 3936 matrimonium
1003 3867 1059 3936 rel
1084 3887 1146 3956 pro
1163 3887 1204 3936 eo
1229 3895 1245 3930 n
1277 3873 1338 3934 178

343 3973 513 4054 Quisnam
536 3971 579 4040 ad
602 3972 838 4042 accusandum
863 3973 1078 4042 admittatur
1099 3973 1142 4043 ad
1158 3973 1251 4042 obti-

300 4080 453 4150 nendam
472 4084 737 4166 separationem
761 4081 828 4148 tori
852 4087 890 4148 et
913 4080 1147 4150 habitationis
1173 4133 1180 4148 .
1231 4109 1247 4145 n
1290 4081 1337 4148 ib.

345 4185 498 4267 Quinam
522 4185 789 4254 matrimonium
813 4206 977 4255 accusare
1001 4189 1166 4271 valeant,
1191 4187 1250 4255 vel

300 4292 343 4362 de
366 4313 407 4362 6ο
438 4291 684 4362 testimonium
716 4290 806 4359 icrre
835 4291 878 4360 ad
908 4296 1095 4364 vincutum
1126 4295 1251 4364 dissot-

300 4401 456 4468 uendum
480 4418 542 4486 pro
558 4397 698 4466 diversa
724 4396 1055 4488 impedimentorum
1073 4402 1211 4470 ratione
1230 4429 1245 4465 n
1276 4405 1338 4470 179
