3444 5302
880 495 913 504 ..
939 463 977 524 18
999 494 1034 506 -

377 584 530 690 raptoris
556 609 598 662 44
624 595 789 688 separata
817 583 892 690 (4).
932 587 978 664 Et
1006 583 1043 664 in
1071 584 1137 666 hoo
1169 597 1365 666 correctum
1397 600 1453 666 est
1480 587 1535 666 ius

376 710 579 816 antiquum,
611 709 645 788 vi
664 709 768 788 cuius
786 707 930 788 valebat
953 707 1217 788 matrimonium
1236 708 1365 790 initum
1384 709 1415 788 si
1435 722 1537 816 rapta

376 832 443 912 sub
463 847 639 939 potestate
658 832 811 937 raptoris
830 817 1025 912 constituta
1045 831 1155 912 libere
1174 832 1412 912 consensisset
1432 833 1506 938 (4).

459 957 597 1036 Tertio:
626 961 706 1036 Non
732 969 787 1038 est
810 954 1006 1038 invalidum
1034 957 1295 1036 matrimonium
1319 955 1537 1037 celebratum

375 1110 455 1164 cum
483 1110 549 1179 ea,
580 1109 687 1189 quam
715 1083 797 1188 quis
824 1081 880 1162 vel
910 1079 1058 1160 incitam
1086 1081 1258 1176 abduxit,
1295 1106 1366 1160 non
1392 1079 1535 1186 quidem

375 1210 492 1346 animo
520 1208 755 1290 contrahendi
783 1234 863 1288 cum
891 1234 1093 1288 caseorum
1120 1207 1275 1310 coniugii
1304 1205 1441 1310 foedus,
1472 1207 1534 1288 sed

375 1459 519 1553 femina,
551 1458 668 1536 adbuc
696 1457 763 1536 snb
791 1458 945 1563 raptoris
974 1471 1150 1563 potestate
1177 1457 1404 1550 constituta,
1423 1455 1533 1538 libere

375 1584 414 1662 in
445 1581 707 1662 matrimonium
738 1582 917 1660 consentit
949 1576 1021 1686 (3).
1063 1581 1229 1661 Relatum
1264 1580 1358 1660 enim
1390 1579 1534 1658 Consilii

375 1707 558 1786 decretum
585 1706 734 1812 poenale
761 1717 815 1785 est
847 1721 885 1786 et
916 1707 1166 1786 correctorium
1198 1704 1287 1784 iuris
1315 1706 1531 1798 communis,

375 1856 417 1909 ac
443 1831 657 1910 matrimonii
686 1831 844 1910 libertati
865 1830 983 1912 lavere
1011 1831 1188 1928 intendit;
1221 1829 1371 1936 ideoque
1394 1834 1533 1911 irritum

374 1955 518 2062 quidem
533 1955 655 2058 ,reddit
674 1956 937 2034 matrimonium
956 1981 998 2036 ex
1020 1968 1125 2060 raptu
1144 1968 1375 2051 attentatum,
1406 1969 1444 2035 44
1462 1979 1533 2034 non

373 2075 579 2156 extenditur
607 2075 652 2155 ad
681 2089 857 2181 raptorem
891 2101 935 2156 ex
963 2101 1071 2156 cansa
1102 2076 1275 2156 libidinis.
1300 2121 1323 2136 -
1350 2081 1403 2156 Er
1431 2075 1535 2156 dietis

374 2217 493 2282 tamen
521 2200 751 2282 statuendum
780 2199 936 2296 videtur,
968 2201 1130 2280 sufficere
1155 2199 1200 2280 ad
1220 2200 1285 2280 hoc
1304 2200 1536 2306 impedimen-

374 2339 465 2420 tnm,
496 2323 592 2430 quod
620 2323 747 2404 mulier
774 2349 881 2404 cansa
910 2322 1070 2406 libidinis
1099 2338 1238 2406 tantum
1262 2338 1379 2430 rapta,
1410 2323 1493 2406 dein
1513 2352 1562 2408 a.

374 2462 517 2554 raptore
549 2449 584 2527 vi
616 2448 820 2530 detineatur
856 2445 1070 2528 matrimonii
1106 2473 1185 2528 cnm
1221 2473 1263 2528 ea
1300 2447 1534 2528 contrahendi

373 2597 496 2652 causa.
528 2572 594 2650 Illa
613 2571 706 2650 enim
734 2571 893 2652 detentio
921 2597 963 2652 ex
992 2571 1059 2652 boc
1078 2571 1161 2666 fine,
1193 2571 1230 2650 in
1256 2584 1430 2678 quantum
1449 2597 1534 2652 con-

372 2697 491 2776 stitnit
517 2697 724 2776 violentiam
752 2709 788 2776 et
816 2695 1079 2792 abductionem,
1111 2711 1235 2802 raptus
1262 2696 1395 2776 crimen
1414 2709 1468 2778 est
1487 2723 1532 2777 ex

372 2846 481 2899 causa
508 2821 722 2900 matrimonii
751 2820 825 2924 (4).
859 2843 862 2850 ’

452 2953 490 3024 6.
525 2952 683 3036 Quarto.-
713 2945 964 3050 inquirendum
993 2971 1040 3024 an
1073 2945 1535 3051 incurratur'impedimen·

372 3083 447 3148 tum
466 3083 592 3175 raptus
611 3069 697 3148 dum
715 3067 846 3148 lemina
865 3069 902 3148 in
921 3071 977 3148 sui
997 3067 1247 3150 abductionem
1266 3069 1456 3150 consentit.

452 3193 504 3272 ad
524 3194 759 3274 recensendas
779 3195 816 3272 in
836 3195 903 3272 hac
930 3194 1080 3274 salebris
1108 3196 1213 3302 plena
1241 3197 1450 3302 quaestione
1478 3200 1534 3275 iu-

372 3315 618 3421 risperitorum
646 3317 858 3412 sententias,
890 3317 961 3396 duo
984 3317 1157 3423 distingui
1186 3320 1319 3400 debent
1345 3345 1449 3402 casus
1468 3320 1533 3400 ab·

373 3437 551 3519 ductionis
570 3439 730 3522 mulieris
749 3441 786 3519 in
806 3442 861 3520 sui
881 3453 1023 3546 raptum
1051 3443 1320 3523 consentientis.
1353 3445 1416 3522 Vel
1439 3445 1531 3524 enim

369 3563 488 3668 primo
516 3577 691 3646 tractatus
723 3564 768 3643 de
795 3563 932 3669 nuptiis
965 3592 1044 3646 cnm
1072 3579 1214 3671 raptore
1246 3567 1461 3672 praecessit,
1491 3593 1532 3648 ac

372 3689 500 3767 mulier
518 3691 555 3767 in
574 3691 631 3767 sui
650 3687 900 3769 abductionem
929 3685 1119 3784 consentit,
1152 3705 1193 3770 ut
1216 3691 1299 3769 iniri
1321 3704 1431 3798 queat
1449 3715 1533 3770 con-

444 3935 477 4005 41)
499 3936 664 3993 Sanohezt.
684 3951 709 3993 4.
727 3951 758 3992 a.
778 3943 813 4002 7,·
835 3938 1012 4010 -Pirtrinp
1032 3938 1051 3996 4.
1072 3953 1095 3994 4.
1115 3955 1145 3995 a.
1168 3945 1200 3996 44
1220 3953 1286 3996 cum
1306 3940 1461 3998 communi.

441 4025 476 4096 44)
496 4025 618 4082 Barbosa
638 4025 756 4096 adcap.
776 4027 915 4094 44444444,
938 4027 1106 4100 arreptor.
1126 4045 1156 4084 4.
1179 4035 1204 4083 4.

441 4111 474 4184 43)
491 4115 531 4171 444
547 4113 723 4186 probabilius
738 4116 862 4174 Sanclrez
876 4117 952 4187 dtcp
968 4120 1001 4172 75
1013 4131 1064 4172 44.
1079 4121 1196 4182 4-44-
1163 4117 1333 4189 -Pirhing
1354 4117 1372 4173 4.
1393 4132 1416 4172 c.
1437 4133 1468 4173 4.
1482 4119 1531 4174 44·

368 4201 484 4257 Corrad.
505 4215 536 4258 44
552 4216 649 4274 proca
666 4202 793 4274 4444444
812 4204 932 4276 apostol.
955 4203 1007 4260 444.
1027 4207 1054 4260 7.
1074 4219 1097 4261 4.
1117 4210 1143 4272 4,
1167 4205 1272 4276 aliique
1291 4205 1338 4262 444.
1358 4205 1532 4264 aLeurenio

368 4287 420 4345 444.
442 4295 467 4345 4.
489 4291 535 4347 444.
556 4297 583 4345 4.
604 4298 715 4362 pacat.
738 4295 797 4346 444.
818 4307 850 4348 n.
869 4299 896 4348 5.
917 4299 1014 4350 contra
1035 4291 1118 4350 alios.

370 4465 391 4521 L
441 4373 643 4524 (4444114444
662 4379 696 4436 de
713 4378 837 4451 dispens.
857 4379 991 4438 matrim.
1012 4381 1064 4438 444.
1086 4387 1111 4436 4.
1131 4397 1154 4439 4.
1170 4389 1207 4450 4.,
1229 4389 1257 4440 44
1274 4397 1310 4442 ex
1327 4397 1361 4440 44
1381 4383 1494 4442 44444444
1506 4392 1533 4441 44

393 4479 528 4522 curemus
563 4511 569 4522 .
590 4483 613 4524 c.
