3406 5302
663 491 701 504 -
721 459 777 523 ttt
801 491 838 506 -

176 601 248 655 non
276 577 408 656 descrit
436 577 506 655 iam
535 581 769 685 acquisitum,
800 581 897 661 istud
925 581 1083 660 nondum
1114 581 1184 661 dici
1221 599 1341 688 potest

174 699 401 805 deperditum
432 703 607 806 (Sanchcz
634 705 660 783 l.
693 731 724 784 c.
757 719 793 785 et
821 705 1083 809 communiter).

252 831 360 904 Porro
387 827 530 906 coimus
560 828 618 908 ille
647 845 765 936 potest
793 830 966 910 declarari
995 843 1066 909 tam
1086 829 1200 909 verbis
1228 855 1337 934 quam

171 948 292 1053 sactis.
324 955 415 1030 Dum
444 951 558 1031 verbis
587 953 803 1049 declaratur,
820 952 934 1034 omnis
962 951 1141 1032 dubitatio
1160 967 1196 1033 et
1219 954 1342 1059 suspi-

172 1075 227 1152 cio
253 1075 298 1154 de
327 1074 410 1153 inde
438 1075 634 1156 recedendo
672 1078 827 1170 tollitur,
859 1105 939 1158 cum
972 1081 1010 1156 in
1038 1078 1095 1157 his
1127 1104 1220 1184 quae
1247 1104 1337 1184 pcn-

172 1197 258 1278 dent
285 1199 332 1278 ab
360 1201 477 1278 animo
504 1215 581 1296 tuo,
614 1202 764 1308 simplici
793 1216 855 1282 tuo
883 1203 977 1282 dicto
997 1203 1163 1282 standum
1180 1204 1229 1283 sit
1243 1206 1336 1311 (lle-

170 1321 277 1400 noch.
308 1321 352 1402 cle
377 1323 508 1402 arbitr.
539 1351 613 1404 cos.
645 1335 709 1404 81.
742 1353 779 1404 a.
812 1335 834 1405 6
863 1339 897 1405 et
924 1324 1034 1432 sep).
1068 1371 1092 1388 -·
1124 1326 1241 1405 Factis
1269 1327 1336 1406 de·

170 1445 328 1525 claratur
351 1446 472 1552 primo
499 1471 542 1527 ex
571 1449 714 1528 assidua
734 1463 771 1529 ct
789 1450 960 1528 diuturna
978 1449 1200 1528 habitatione
1220 1449 1269 1555 (l.
1292 1459 1330 1528 2.

173 1575 211 1647 G.
244 1569 305 1648 ubi
332 1584 506 1650 senatores
527 1583 559 1650 ct
574 1571 755 1677 clariss.):
773 1585 809 1652 ct
823 1574 874 1652 ita
893 1573 1063 1654 decennii
1076 1573 1337 1653 habitationem

168 1695 404 1774 sufficientem
433 1722 512 1776 osse
540 1709 580 1775 ut
607 1711 872 1802 praesumatur,
904 1697 1013 1776 habet
1040 1701 1251 1793 communis,
1278 1699 1335 1777 vel

169 1817 277 1898 etiam
293 1817 437 1898 brevius
452 1834 592 1925 tempus
608 1820 755 1900 arbitrio
770 1820 899 1900 iudicis
914 1821 1092 1927 (llcnoch.
1108 1820 1133 1898 l.
1148 1846 1180 1899 c.
1195 1846 1232 1898 o.
1249 1819 1332 1925 17).

168 1987 194 2002 -
216 1945 389 2032 Secundo,
418 1947 448 2024 si
475 1945 580 2024 simul
613 1971 693 2024 cum
726 1945 948 2026 habitatione
980 1945 1219 2024 transferatur
1246 1945 1332 2025 illuc

168 2072 281 2146 maior
307 2095 391 2174 pars
418 2069 605 2164 bonorum,
638 2070 846 2175 praesertim
883 2095 963 2147 cum
991 2069 1144 2147 lamilia:
1175 2067 1332 2146 Barbosa

168 2193 229 2296 (dc
258 2193 317 2300 off.
349 2205 382 2272 ct
406 2206 482 2298 pot.
514 2195 633 2300 Episc.
660 2205 761 2300 port.
794 2204 831 2273 2.
862 2193 968 2298 ollcp„
1003 2201 1039 2271 1.
1059 2218 1096 2271 a.
1129 2194 1197 2295 27)
1217 2206 1253 2272 et
1271 2192 1334 2270 alii

168 2316 303 2421 plures.
326 2321 418 2396 -Ut
445 2343 529 2396 vero
556 2343 600 2397 err
628 2319 685 2396 his
713 2331 749 2398 et
781 2317 956 2397 similibus
990 2318 1202 2396 coniecturis
1228 2341 1336 2421 prae-

167 2455 331 2520 sumatur
359 2441 499 2519 animus
527 2441 586 2521 ille
605 2443 786 2536 manendi,
808 2467 877 2519 non
892 2441 1013 2520 debent
1032 2440 1106 2519 olio
1121 2441 1212 2519 iuris
1226 2467 1333 2546 proe-

167 2566 365 2670 sumptione
378 2565 559 2670 infirmari
578 2565 652 2672 (Cir
671 2569 824 2646 Lauren.
847 2567 873 2644 l.
896 2592 928 2644 c.
952 2565 1014 2645 lib.
1035 2578 1214 2672 l.qaocst.
1235 2573 1326 2646 568.

169 2713 208 2766 a.
243 2693 301 2793 1).

247 2823 312 2894 30.
343 2813 482 2903 Quibus
509 2816 546 2892 in
574 2813 653 2892 iure
683 2813 824 2918 positis,
864 2811 1048 2891 rideamus
1076 2812 1113 2890 in
1154 2812 1252 2916 [octo
1285 2837 1332 2889 an

168 2939 345 3044 parochus
373 2966 404 3017 s,
434 2940 613 3019 Francisci
641 2939 750 3017 luerit
772 2939 942 3044 proprius
961 2936 1248 3017 contrahentium
1267 2963 1333 3042 pa·

169 3065 313 3160 rochus,
336 3065 392 3143 rel
412 3089 532 3143 eorum
552 3064 678 3142 saltem
693 3063 919 3158 alterutrius3
936 3107 955 3122 -
969 3087 1014 3139 an
1031 3064 1149 3166 potius
1161 3063 1330 3166 proprius

170 3215 290 3269 corum
318 3189 426 3268 luerit
454 3189 631 3294 parochus
659 3189 836 3266 Ecclesiae
855 3214 886 3265 s.
905 3187 1088 3265 Laurentii
1103 3187 1259 3266 civitatis
1279 3189 1323 3264 N.

247 3317 300 3392 Ex
329 3311 434 3392 dictis
462 3313 684 3419 apertissime
715 3325 828 3418 patet,
865 3311 1058 3416 parochum
1087 3337 1118 3388 s.
1149 3309 1328 3389 Francisci

169 3561 329 3640 hentium
358 3560 550 3665 parochum
570 3559 614 3638 ad
634 3558 753 3638 aalide
771 3557 1009 3636 assistendum
1034 3556 1237 3636 eorumdem
1255 3583 1332 3634 ma-

168 3682 345 3778 trimonio,
375 3685 445 3762 nisi
474 3695 610 3762 constet
638 3683 693 3762 vel
726 3695 760 3762 1.
783 3707 857 3776 eos,
880 3693 942 3758 aut
960 3705 1082 3758 eorum
1101 3681 1328 3774 alterutrum,

169 3820 324 3913 tempore
352 3806 603 3887 celebrationis
635 3805 849 3886 matrimonii
887 3803 1056 3882 habuisse
1088 3803 1158 3882 iam
1186 3803 1334 3883 domici-

168 3929 252 4011 lium
282 3945 345 4010 aut
363 3931 712 4037 quasi-domicilium
731 3931 768 4008 in
788 3955 830 4008 ea
849 3927 1017 4034 parochia
1032 3955 1041 4023 3
1059 3927 1154 4006 -rel
1175 3937 1212 4006 2.
1235 3925 1332 4032 quod

168 4055 281 4134 Titius
309 4054 419 4134 luerit
446 4080 487 4134 eo
515 4069 672 4161 tempore
700 4051 900 4132 censendus
927 4051 982 4130 uti
1001 4075 1140 4154 oopus·
1159 4095 1183 4110 -
1202 4051 1258 4130 rel
1287 4059 1326 4128 3.

166 4178 258 4282 quod
289 4179 466 4282 parochus
495 4179 553 4258 ille
582 4178 833 4283 delopotionem
861 4175 1038 4280 acceperit
1065 4172 1329 4281 aparochovcl

168 4299 212 4378 ab
239 4300 429 4380 Ordinario
456 4302 556 4380 iusta
584 4303 646 4381 cit.
666 4301 863 4380 Tridentini
892 4297 1088 4377 decretum.

244 4425 354 4530 Atqui
382 4426 482 4505 nulla
522 4453 566 4506 ex
603 4425 660 4506 his
701 4425 818 4506 tribus
859 4421 1119 4530 hypothesibus
1161 4423 1198 4500 in
1225 4445 1331 4526 prae-
