3446 5298
842 486 1017 548 -386-

354 617 457 696 Bulla
493 615 637 721 saepius
668 613 816 692 laudata
848 638 879 690 s,
911 637 959 688 m.
991 609 1125 689 Boned.
1160 613 1240 688 xlv
1279 605 1524 713 praescriptis,

356 743 490 846 quique
518 739 662 844 expleat
689 763 823 816 munus
851 735 1054 816 Defensoris
1074 733 1272 814 validitatis
1291 729 1525 822 matrimonii,

355 877 391 942 et
419 861 573 942 examini
601 861 711 940 adsit.

435 991 565 1067 Omnes
593 1010 677 1066 vero
704 997 832 1081 testeS,
862 1007 1017 1088 congrua
1045 985 1211 1084 congruis
1240 979 1441 1074 referendo,
1465 1002 1527 1056 ro-

360 1114 469 1219 gandi
498 1125 621 1206 erunt,
653 1109 864 1216 praesertim
890 1107 1036 1214 quando
1063 1107 1194 1186 initum
1222 1105 1331 1184 luerit
1349 1104 1534 1182 matrimo-

359 1237 478 1315 nium:
511 1248 632 1313 utrum
661 1235 755 1312 inter
783 1232 951 1335 coniuges
979 1232 1095 1310 mutui
1115 1229 1244 1308 amoris
1259 1243 1295 1307 et
1314 1225 1533 1307 benevolen-

362 1361 434 1438 tiae
464 1358 565 1462 signa
594 1356 880 1452 intercesserint3
911 1355 1082 1460 quamdiu
1119 1354 1157 1431 io
1194 1353 1317 1432 eadem
1345 1351 1447 1430 domo
1474 1349 1533 1430 rel

362 1482 508 1562 civitate
528 1480 830 1576 cohabitaverint;
852 1493 975 1558 utrum
994 1478 1205 1573 innotuerit,
1227 1501 1288 1556 eos
1310 1499 1535 1554 consumma-

360 1606 449 1684 tioni
480 1629 622 1710 operam
651 1602 810 1699 dedisse;
843 1627 890 1680 an
918 1602 1001 1681 inde
1020 1601 1286 1681 matrimonium
1305 1625 1533 1680 consumma-

362 1743 439 1809 tum
468 1741 698 1823 censeretur;
729 1727 774 1805 de
801 1727 920 1804 causis
939 1725 1277 1804 consummationem
1297 1723 1531 1830 impeditivis;

362 1851 407 1930 de
436 1849 767 1958 conquestionibus,
798 1849 943 1955 quando
963 1863 1094 1928 etcum
1113 1849 1246 1954 quibus
1262 1849 1380 1944 lactis,
1411 1861 1449 1927 et
1468 1873 1534 1927 cur

363 1975 480 2056 nolint
508 1975 661 2080 amplius
689 1974 727 2051 in
755 1972 981 2052 matrimonio
1010 1997 1233 2078 permanere.

445 2099 480 2177 Si
508 2099 655 2202 querela
684 2121 792 2202 super
829 2097 1037 2202 impotentia
1070 2111 1249 2193 versetur,
1289 2097 1536 2200 interrogandi

366 2237 473 2301 erunt
502 2222 611 2302 Periti
639 2221 793 2327 physici,
823 2245 913 2324 quos
940 2223 1109 2323 coniuges
1137 2221 1410 2301 cousuluerunt.

446 2349 634 2424 Praeterea
662 2357 843 2450 quatenns
862 2343 1007 2448 querela
1027 2369 1137 2449 super
1155 2343 1324 2424 nullitate
1342 2370 1385 2423 er
1406 2345 1451 2424 iis
1470 2345 1533 2440 sit,

365 2482 407 2546 ut
434 2467 523 2546 solvi
551 2469 664 2573 possit
693 2469 971 2564 matrimonium,
1002 2469 1033 2546 si
1060 2468 1229 2572 coniuges
1244 2467 1332 2548 illud
1348 2493 1420 2546 non
1448 2491 1535 2548 con-

365 2606 602 2685 summarunt,
635 2604 723 2670 tunc
748 2589 1011 2695 procedendum
1030 2591 1098 2670 erit
1118 2591 1163 2670 ad
1184 2593 1439 2698 inspectionem
1459 2618 1540 2672 cor-

364 2715 461 2820 poris
489 2715 679 2818 coniugum
706 2714 852 2793 seorsim
880 2715 1046 2819 sequenti
1065 2715 1233 2795 methodo
1261 2715 1530 2821 perficiendam,

366 2837 525 2917 instante
554 2838 768 2943 praesertim
796 2837 985 2916 Defensore
1009 2839 1241 2918 matrimonii.

446 2959 561 3040 luder
582 2961 754 3066 praefiget
773 2947 1056 3041 terminnm'tam
1075 2962 1219 3068 utrique
1248 2962 1405 3064 coniugi,
1427 2987 1537 3068 quam

367 3085 551 3164 Defensori
581 3085 796 3164 matrimonii
825 3084 870 3163 ad
898 3085 1120 3164 exhibendas
1153 3087 1297 3165 notulas
1338 3087 1539 3164 Peritorum

368 3207 583 3286 Medicorum
617 3222 654 3286 et
682 3207 936 3312 Chirurgorum
964 3208 1216 3288 confidentium
1245 3223 1282 3288 et
1301 3209 1543 3288 diffidentium

366 3355 431 3434 pro
458 3331 647 3436 utriusque
678 3331 838 3435 coniugis
860 3333 1097 3437 inspectione,
1118 3357 1275 3437 congrua
1295 3331 1464 3435 congruis
1484 3357 1543 3410 re-

263 3437 267 3446 ’
371 3453 531 3532 serendo.
725 3466 726 3470 ‘

449 3577 629 3657 Exhibitis
647 3577 781 3656 notulis
799 3578 1012 3682 apartibus,
1035 3576 1148 3656 ludex
1168 3577 1276 3679 eliget
1294 3579 1456 3685 quinque
1476 3583 1545 3659 Pe-

370 3702 482 3796 ritoS,
514 3714 586 3779 tres
624 3701 758 3780 scilicet
791 3699 944 3778 Medicos
980 3714 1017 3779 et
1049 3700 1138 3779 duos
1175 3702 1367 3806 Chirurgos
1395 3727 1439 3782 or
1468 3703 1542 3797 his,

368 3825 407 3902 in
435 3824 567 3928 quibus
596 3839 716 3929 partes
744 3825 988 3918 consentiant,
1019 3825 1075 3903 sin
1104 3825 1223 3904 minus
1251 3852 1295 3905 er
1320 3827 1436 3905 officio
1464 3850 1542 3920 eos,

369 3949 433 4055 qui
462 3963 581 4028 tamen
607 3947 773 4055 partibus
801 3973 873 4027 nen
901 3950 974 4026 sint
1001 3948 1268 4028 rationabiliter
1287 3955 1458 4056 suspecti,
1482 3949 1546 4028 de-

370 4071 535 4178 putabit;
567 4087 676 4176 atque
704 4071 860 4168 curabit,
892 4084 933 4150 ut
962 4071 1152 4177 deputatio
1180 4073 1285 4150 cadat
1315 4097 1424 4178 super
1452 4071 1546 4150 cele·

373 4193 553 4272 brioribus
581 4195 739 4274 civitatis
768 4209 843 4274 tum
872 4194 991 4299 quoad
1020 4197 1208 4274 scientiam
1237 4209 1313 4276 tum
1341 4195 1459 4300 quoad
1489 4219 1547 4272 re-

371 4319 538 4420 ligionem
577 4333 612 4398 et
651 4319 890 4415 honestatem,
932 4333 1040 4424 atque
1079 4317 1135 4398 his
1170 4319 1300 4399 Peritis
1337 4319 1544 4398 facultatem

373 4441 475 4522 dabit
502 4443 777 4547 recognoscendi
805 4467 933 4548 corpus
954 4441 1036 4539 viri,
1060 4443 1234 4523 adhibitis
1253 4444 1404 4524 honestis
1421 4443 1561 4541 mediis,
