3444 5302
716 439 747 447 ...
772 405 807 466 31
833 437 869 450 ...-

282 534 466 631 Siautem
493 556 564 610 non
591 530 636 610 de
662 528 787 618 dubie,
814 527 886 641 sad,
905 526 948 606 de
976 538 1073 622 certe
1100 541 1227 630 agatur
1254 528 1369 634 impo-

203 657 331 752 tentia,
363 658 413 734 ita
441 669 482 734 ut
501 654 545 734 de
564 653 736 734 eiusmodi
765 653 1015 759 impedimento
1030 655 1293 732 matrimonium
1311 653 1369 732 di-

201 782 353 861 rimente
381 779 478 860 clere
504 791 637 858 constet
665 780 739 858 sive
768 803 832 884 por
861 779 961 880 signa
990 792 1085 856 certa
1114 790 1149 856 et
1169 777 1363 872 evidentia,

203 918 244 983 ut
270 905 356 1010 quia
384 904 439 982 vir
468 903 643 984 testiculis
670 917 767 984 caret
795 915 857 980 ant
885 903 962 982 eius
989 903 1091 1006 penis
1123 901 1288 1007 atrophia
1316 901 1369 980 la-

203 1027 320 1124 borat,
344 1073 368 1090 ·
387 1027 463 1108 sive
491 1053 554 1133 per
569 1027 774 1106 verisimilia
794 1025 864 1104 alia
884 1025 1000 1128 signa,
1019 1023 1209 1130 exquibus
1224 1025 1368 1104 moralis

205 1152 382 1232 certitudo
401 1163 560 1246 eruatur,
578 1176 672 1256 quae
691 1150 908 1230 inhumanis
927 1149 1128 1254 aequivalet
1147 1147 1364 1228 evidentiae:

202 1289 290 1356 tunc
315 1275 415 1354 nullo
444 1289 548 1380 pactu
575 1275 771 1380 requiritur
798 1271 1074 1352 cohabitationis
1102 1271 1293 1352 triennium
1322 1271 1367 1350 ad

202 1397 455 1504 explorandam
472 1422 534 1503 per
553 1407 782 1502 congressum
801 1395 1060 1502 impotentiam,
1083 1398 1188 1474 immo
1208 1421 1273 1476 nec
1286 1421 1369 1501 per-

204 1523 419 1602 mittendum
456 1547 533 1600 esse
571 1522 713 1602 videtur
742 1533 782 1601 ut
814 1521 976 1626 copulam
1013 1523 1257 1626 experiantur,
1288 1545 1367 1600 cum

203 1659 319 1728 cesset
338 1647 428 1726 ratio
456 1670 533 1724 eam
562 1644 756 1727 adhibendi
776 1645 1033 1752 probationem,
1055 1657 1092 1724 et
1110 1647 1185 1751 ipso
1208 1649 1284 1725 iure
1304 1671 1370 1724 na-

205 1782 309 1848 turae
338 1769 499 1848 illicitum
514 1770 561 1850 sit
575 1781 752 1848 attentare
772 1795 1014 1873 congressum,
1037 1769 1181 1874 quando
1196 1771 1284 1850 satis
1299 1772 1368 1850 iam

203 1908 346 1975 constat
373 1891 417 1974 de
445 1895 525 1974 initi
552 1893 718 1974 nullitate
745 1895 901 1996 coniugii
929 1893 974 1973 ob
1003 1893 1232 1999 impotentiae
1257 1897 1369 2002 impe-

204 2017 401 2098 dimentum
438 2017 542 2096 aliter
578 2016 788 2121 probatum3
828 2017 1005 2122 quamvis,
1042 2017 1179 2096 secluso
1217 2019 1370 2100 inconti-

204 2145 348 2224 nentiae
363 2141 535 2248 periculo,
548 2141 653 2220 simul
668 2141 874 2222 cohabitare
889 2141 1026 2246 possint
1041 2155 1082 2220 ut
1101 2140 1209 2220 irater
1224 2156 1369 2250 etsoror

204 2265 279 2373 (1),
297 2265 404 2370 idque
420 2264 661 2344 recentissimo
681 2264 909 2344 confirmatur
928 2267 965 2342 S.
990 2267 1027 2341 C.
1051 2265 1194 2342 Concilii
1220 2291 1368 2371 respon·
1493 2309 1497 2322 ·

202 2416 243 2470 so
261 2394 298 2468 in
313 2391 534 2468 hlaurianen.
558 2387 666 2468 dubio
684 2413 789 2496 saper
807 2387 1036 2468 matrimonio
1052 2415 1091 2494 p.
1114 2416 1144 2466 s.
1163 2416 1203 2495 p.
1227 2390 1279 2468 hd
1299 2390 1368 2470 du·

203 2515 302 2594 bium
322 2517 416 2594 enim
435 2513 502 2592 sibi
523 2514 761 2619 propositum:
785 2517 965 2603 Quaenam
984 2537 1062 2593 esse
1090 2512 1219 2593 debeat
1238 2514 1367 2616 agendi

202 2641 295 2718 ratio
313 2635 483 2743 episcopi,
506 2633 651 2741 parochi
671 2649 707 2716 et
727 2635 932 2716 confessarii
953 2661 1036 2740 erga
1056 2635 1282 2742 impotentes,
1304 2642 1367 2744 qui

201 2788 245 2842 ea
264 2763 401 2842 ratione
420 2760 578 2866 separari
596 2774 795 2866 nequeunt,
813 2759 907 2866 quod
928 2785 1049 2840 corum
1068 2761 1285 2866 separationi
1303 2761 1369 2854 ob-

201 2886 309 2997 sistat
327 2885 441 2964 civilis
461 2885 648 2986 galliarum
674 2885 748 2980 ler,
770 2911 863 2992 quae
882 2885 1111 2992 impotentiae
1137 2885 1369 2991 impedimen-

204 3025 280 3090 tum
298 3035 371 3088 non
390 3010 567 3112 agnoscit:
590 3055 613 3070 -
642 3015 678 3089 S.
697 3015 734 3090 C.
753 3010 810 3090 die
830 3021 875 3090 15
891 3010 1087 3090 decembris
1105 3020 1203 3092 1877
1221 3037 1369 3120 respon·

202 3133 271 3214 dit:
296 3135 459 3212 «Vivant
477 3146 518 3212 ut
537 3131 646 3213 irater
666 3147 702 3214 et
720 3159 831 3232 soron
846 3135 942 3240 quod
957 3137 987 3214 si
1007 3133 1043 3214 id
1063 3133 1138 3215 fieri
1158 3161 1228 3215 non
1247 3151 1367 3242 posset

205 3257 325 3336 «sinc
354 3257 489 3362 peccati
517 3255 688 3361 periculo,
720 3269 931 3364 separentur
958 3258 1115 3355 omnino,
1143 3271 1178 3338 et
1200 3259 1245 3339 ad
1269 3287 1369 3342 men·

207 3409 228 3454 ‹
252 3393 321 3460 tem
344 3411 381 3458 v.

285 3511 323 3582 8.
357 3501 551 3594 Quintam:
582 3479 704 3582 Soluto
731 3503 952 3583 matrimonio
981 3529 1024 3582 ex
1049 3505 1166 3610 capite
1194 3505 1367 3611 impoten-

204 3629 289 3720 tiae,
321 3649 414 3730 quae
442 3623 598 3704 iudicata
626 3623 693 3704 luit
720 3625 923 3706 antecedens
952 3643 988 3707 et
1010 3639 1200 3734 perpetue,
1220 3627 1249 3707 si
1277 3627 1366 3708 forte

203 3749 402 3853 contingat,
434 3763 474 3828 ut
501 3763 582 3856 post
601 3775 710 3830 novas
730 3751 995 3857 nuptiasanou
1023 3751 1191 3858 impedito
1218 3753 1366 3857 coniuge

201 3868 414 3965 celebratas,
447 3872 576 3949 coniux
595 3870 654 3949 ille
673 3872 734 3975 qui
754 3883 927 3978 perpetuo
942 3875 1118 3977 impotens
1137 3873 1362 3968 credebatur,

202 3991 250 4070 ad
275 3993 390 4072 officia
409 3993 682 4072 matrimonialia
702 3993 866 4073 obeunda
885 3995 1057 4074 reddatur
1076 3995 1237 4092 idoneus,
1261 3996 1368 4076 debet

203 4114 295 4193 alter
331 4115 390 4194 ille
427 4116 575 4213 coniux,
606 4115 762 4198 secundo
789 4131 865 4198 toro
900 4119 1039 4215 relicto,
1072 4117 1117 4198 ad
1149 4119 1252 4226 primi
1284 4121 1367 4242 iura

275 4307 312 4381 (1)
332 4309 450 4384 l’irhing
471 4309 522 4366 lib.
543 4315 568 4364 t.
589 4310 635 4368 tte.
657 4315 701 4366 te.
720 4325 772 4366 aa.
792 4315 849 4376 8-9,
870 4309 948 4367 iuxta
968 4325 1030 4382 cap.
1057 4308 1268 4368 consultationi
1287 4317 1313 4368 e.
1333 4309 1368 4368 de
1419 4313 1424 4324 '

207 4395 329 4469 triptota
347 4405 373 4454 et
393 4397 585 4470 mctefieictie,
608 4405 635 4456 et
654 4399 701 4456 cit.
722 4413 784 4472 cap.
807 4397 999 4466 laudabilem,
1025 4398 1054 4470 S.
1073 4414 1125 4456 noe
1143 4413 1215 4467 cue,
1239 4399 1302 4459 eod.
1323 4402 1364 4460 tit.
