3456 5300
666 440 822 503 ..Ἡ-

160 581 229 646 mm
259 567 578 677 dispensationem,
609 595 650 648 ac
680 573 786 648 etiam
815 570 852 648 in
881 569 958 674 ipso
986 567 1221 650 contrahendi
1250 595 1326 648 ma·

158 697 315 775 trimonii
353 711 436 778 actu
475 696 553 800 (sub
595 695 692 774 dicto
729 719 798 772 noc
825 692 951 798 apollo
988 693 1125 798 formo)
1163 691 1325 798 producti

159 817 305 900 luerunt
330 853 347 894 ›
379 823 439 925 (l)
460 820 614 900 habetur
633 817 774 897 sanctio
793 817 981 898 deradice.
1005 823 1100 898 -En
1130 819 1187 898 bis
1206 833 1326 898 tamen

158 942 249 1022 nihil
278 943 400 1024 inlcrri
429 957 561 1049 potest,
594 943 811 1039 subdebant,
835 941 954 1022 lavore
983 943 1118 1047 figurae
1145 944 1327 1022 matrimo-

159 1067 264 1146 nialis
293 1067 331 1146 in
351 1083 434 1148 actu
462 1094 525 1147 seu
546 1069 758 1148 caerimonia
778 1069 897 1146 civili:
931 1069 999 1148 nisi
1019 1068 1114 1148 enim
1143 1066 1324 1172 praedicta

158 1191 342 1272 accederet
380 1193 558 1272 Ecclesiae
588 1192 782 1294 recognitio
798 1219 839 1272 ac
866 1192 1101 1298 dispensatio,
1124 1217 1321 1272 consensus

158 1333 318 1398 maneret
347 1333 449 1396 actus
478 1343 540 1396 seu
569 1318 782 1396 caerimonia
801 1343 896 1396 mere
925 1317 1054 1412 civilis,
1085 1341 1178 1422 quae
1207 1315 1252 1394 ad
1271 1314 1325 1396 el·

158 1441 287 1522 lectum
329 1443 621 1536 ecclesiasticum,
666 1441 783 1546 qualis
824 1455 882 1520 est
918 1439 1081 1546 publicae
1124 1440 1324 1521 honestatis

157 1565 465 1672 impedimentum,
498 1565 713 1670 gignendum
742 1578 818 1644 erat
864 1571 1007 1644 omniuo
1026 1564 1153 1670 impar.

238 1701 301 1772 19.
324 1692 390 1771 His
419 1692 570 1796 aliisque
590 1691 756 1771 ommbus
785 1705 924 1770 maturo
952 1689 1099 1770 consilio
1119 1691 1320 1796 perpensis,

153 1841 195 1894 ac
221 1815 405 1921 proposito
432 1815 565 1895 dubio:
598 1821 652 1894 Aa
680 1826 796 1901 octus,
826 1814 888 1921 qui
915 1813 1021 1920 culpo
1048 1813 1151 1893 cudit
1192 1815 1324 1894 mutri-

152 1938 313 2018 mom'um
341 1938 460 2026 ciuile,
485 1939 612 2046 pariet
649 1939 936 2045 impedimentum
965 1937 1125 2018 iustitiae
1157 1938 1322 2044 publicae

152 2063 363 2151 boumtotis,
384 2110 408 2124 -
428 2068 464 2142 S.
489 2069 526 2142 C.
551 2065 696 2144 Concilii
725 2063 783 2144 die
816 2074 859 2142 13
891 2062 1009 2142 martii
1040 2071 1140 2144 1879
1174 2089 1323 2169 respon·

151 2188 223 2266 dit:
256 2187 454 2294 Nepoticc;
487 2201 520 2268 et
554 2187 804 2268 consulendum
834 2195 959 2276 SSmo,
999 2198 1038 2266 ut
1065 2187 1103 2266 id
1139 2187 1321 2268 declarare

150 2339 194 2392 cc
221 2324 378 2414 statuere
406 2313 586 2418 dipoetur.

231 2444 379 2518 Peracta
399 2453 517 2518 autem
547 2439 590 2520 de
612 2440 667 2518 bis
687 2439 852 2518 omnibus
872 2437 1044 2518 relatione
1065 2463 1201 2518 summo
1228 2444 1322 2520 Pon-

150 2565 236 2644 tifici
279 2565 388 2644 Leoni
430 2569 517 2644 Xlll
546 2591 565 2642 a
596 2565 793 2644 Secretario
834 2561 992 2642 eiusdem
1031 2566 1068 2648 S,
1099 2567 1137 2642 C.
1182 2563 1240 2644 die
1272 2574 1317 2644 17

147 2687 309 2768 eiusdem
338 2689 484 2785 mensis,
516 2689 695 2768 Sanctitas
723 2715 788 2768 sua
817 2686 1068 2766 resolutionem
1102 2689 1319 2770 limineutis-

145 2813 315 2890 simorum
345 2817 490 2893 Petrum
512 2813 726 2919 approbavit
753 2827 789 2892 et
808 2811 1045 2907 confirmavit,
1077 2837 1118 2890 ac
1138 2811 1318 2894 decretum

145 2935 221 3014 lieri
252 2935 358 3015 iussit
396 2938 469 3038 (9.).
495 2983 518 2996 -
539 2943 726 3018 Decretum
764 2951 883 3017 autem
922 2936 1125 3016 huiusmodi
1153 2961 1197 3016 ex
1231 2963 1318 3043 pru·

143 3057 246 3138 denti
265 3059 424 3164 quidem,
457 3077 497 3142 ut
526 3089 618 3158 reor,
640 3063 841 3168 provisione
857 3060 1091 3156 retardatum,
1115 3061 1259 3142 tandem
1279 3063 1317 3142 in

144 3183 260 3262 lucem
289 3183 422 3289 prodiit
450 3185 548 3264 bisce
575 3188 826 3266 concinnatum
855 3186 991 3266 verbis:

229 3339 248 3382 c
280 3313 472 3415 Postquam
511 3311 591 3390 laici
629 3313 894 3416 legumlatores,
934 3327 1076 3418 praeter
1118 3312 1239 3392 civiles
1276 3341 1317 3392 ac

144 3467 162 3504 ‹
199 3431 363 3538 politicos
393 3434 608 3517 matrimonii
636 3436 797 3532 effeetus,
829 3437 937 3543 impio
966 3464 1055 3516 ausu
1090 3438 1207 3542 ipsum
1235 3461 1317 3543 per-

144 3589 163 3633 «
200 3556 329 3639 radere
349 3585 390 3638 ac
409 3559 584 3638 moderari
604 3586 874 3666 praesumpsere
893 3561 1153 3641 matrimoniale
1173 3559 1310 3654 foedus,

144 3716 162 3756 a
197 3683 294 3788 quod
324 3711 344 3762 a
373 3687 445 3762 Deo
473 3697 617 3764 auctore
646 3699 812 3782 naturae,
844 3699 928 3766 ante
948 3711 1085 3765 omnem
1114 3684 1229 3763 civilis
1257 3709 1315 3762 so-

143 3843 161 3884 «
196 3811 339 3890 cietatis
366 3810 593 3890 existentiam
622 3810 787 3916 primitus
825 3812 1044 3916 institutum,
1076 3837 1116 3888 ac
1150 3809 1193 3888 ad
1223 3809 1314 3888 inel-

143 3969 162 4010 ‹
196 3933 342 4016 labilem
371 3939 588 4014 Sacramenti
618 3933 827 4039 dignitatem
857 3934 986 4014 deinde
1014 3963 1033 4012 a
1062 3933 1202 4014 Christo
1240 3936 1313 4010 Re-

143 4093 161 4134 «
195 4060 380 4166 demptore
409 4073 585 4154 evectum,
617 4059 814 4170 quamlibet
831 4059 1012 4166 politicam
1040 4072 1077 4138 et
1104 4055 1242 4136 civilem
1258 4056 1313 4136 iu-

215 4201 253 4273 (1)
272 4199 441 4258 Benedictus
459 4202 521 4258 xiv
539 4199 575 4258 da
593 4202 707 4274 synodo
728 4201 780 4260 lto.
802 4206 845 4260 lo·
865 4217 928 4274 cop.
949 4205 995 4260 2⁴.
1016 4217 1047 4260 rr.
1068 4206 1094 4256 7.

215 4289 251 4362 (Ξ)
270 4291 318 4348 Cir
336 4291 383 4347 cit.
403 4291 621 4363 premeridem
642 4292 823 4363 inscriptam:
844 4295 914 4349 Acta
929 4293 958 4348 S.
976 4289 1056 4346 Sedis
1066 4289 1099 4346 iu
1108 4287 1313 4362 compendium

142 4381 273 4449 reducto,
295 4380 349 4436 col.
373 4385 415 4438 la.
437 4395 457 4436 c
473 4395 544 4452 pop.
566 4384 617 4436 rot
635 4381 675 4437 cd
690 4395 761 4452 pop.
784 4383 845 4448 177,
857 4379 906 4436 ubi
927 4379 998 4435 haec
1012 4377 1105 4436 atalia
1121 4379 1311 4436 enucleantur

141 4476 325 4542 argumenta,
346 4477 373 4526 et
393 4469 437 4538 iis,
458 4483 532 4540 quae
552 4467 675 4526 invicem
695 4475 792 4526 contra
811 4467 996 4532 obiiciantur,
1023 4481 1193 4538 responsum
1213 4465 1310 4524 datur.
