3424 5300
659 391 835 456 -iit-

155 512 273 616 eligit,
304 539 398 619 quae
426 514 522 596 fideli
552 516 676 596 illicita
705 531 776 612 est,
809 541 873 596 seu
892 465 1121 620 discedit⁸per
1149 515 1330 596 discessio-

156 663 238 717 nem
265 639 451 720 moralem.
474 687 498 702 -
518 641 626 747 Atqui
657 641 762 722 hodie
791 641 955 721 illicitum
974 653 1029 720 est
1048 640 1143 720 fideli
1164 641 1329 721 habitare

158 788 240 841 oum
267 765 417 870 coniuge
446 765 581 846 infideli
610 767 647 844 in
667 765 880 844 infidelitate
900 765 1075 870 pertinaci
1091 765 1165 870 (1).
1188 767 1329 846 Etenim

153 889 310 992 primum
338 891 376 968 in
404 889 559 970 Concilio
588 890 756 970 Toletano
784 895 831 970 IV
861 915 921 968 an.
953 889 1084 968 Christi
1113 898 1187 970 633
1210 893 1328 970 sanci-

156 1023 233 1092 tnm
261 1012 350 1094 luit:
384 1013 566 1107 «ludaei,
598 1015 661 1118 qui
680 1014 895 1094 christianas
919 1015 1087 1094 mulieres
1107 1015 1144 1094 in
1163 1015 1327 1118 coniugio

158 1135 308 1232 habent,
340 1139 599 1218 admoneantur
627 1137 673 1216 ab
702 1139 877 1244 Episcopo
901 1137 1062 1224 *civitatis
1085 1137 1212 1243 ipsius,
1235 1151 1277 1218 ut
1295 1139 1326 1216 si

153 1283 237 1341 oum
264 1259 316 1342 eis
345 1287 553 1368 permanere
581 1265 746 1368 cupiunt,
778 1261 966 1340 christiani
986 1261 1200 1340 efficiantur.
1223 1262 1325 1352 Quod

155 1386 186 1464 si
214 1385 387 1467 admoniti
417 1386 610 1481 noluerint,
642 1397 871 1492 separentur:
907 1386 993 1490 quia
1026 1411 1097 1464 non
1124 1399 1242 1490 potest
1269 1387 1325 1466 in-

135 1508 270 1588 ·fidelis
298 1510 442 1590 ineius
478 1535 686 1615 permanere
724 1507 903 1611 coniugio,
943 1533 1036 1612 quae
1064 1509 1135 1586 iam
1163 1509 1201 1586 iu
1228 1509 1325 1590 chri-

151 1632 307 1712 stianam
336 1634 511 1712 translata
539 1645 593 1712 est
622 1632 769 1735 fidem»
801 1630 875 1736 (4).
899 1675 922 1690 -
943 1635 1027 1710 Post
1059 1630 1231 1710 eiusmodi
1260 1632 1323 1712 de-

153 1771 306 1854 matum,
338 1757 434 1863 qnod
462 1756 614 1838 ludaeos
634 1756 756 1850 allicit,
780 1755 959 1836 Ecclesiae
989 1755 1238 1836 consuetudine
1265 1783 1322 1836 re-

149 1895 294 1986 ceptum
314 1895 383 1977 est,
406 1907 447 1961 ac
466 1893 694 1987 praeceptum
715 1878 916 1974 inductum,
939 1903 984 1958 ne
1003 1880 1132 1958 coniux
1151 1879 1197 1959 ad
1216 1880 1321 1960 fidem

152 2031 346 2086 conversus
373 2007 603 2112 permittatur
631 2004 943 2084 indiscriminatim
971 2029 1051 2082 cum
1089 2002 1224 2083 infideli
1258 2031 1321 2084 cu-

150 2129 361 2236 iuscumque
389 2144 507 2211 sectae
534 2128 699 2208 habitare
727 2128 771 2208 ob
799 2127 988 2206 imminens
1007 2126 1245 2232 pervasionis
1256 2154 1320 2232 pe-

149 2251 307 2332 siculam
336 2257 410 2358 (3).
433 2299 457 2314 -
477 2259 664 2332 Praeterea
680 2253 710 2330 si
724 2251 820 2332 fideli
840 2277 912 2332 non
932 2253 1110 2356 integrum
1137 2267 1233 2332 esset
1252 2253 1318 2332 hoc

149 2379 187 2456 in
215 2405 301 2458 casu
330 2378 375 2456 ad
404 2379 493 2458 alias
520 2378 667 2484 nuptias
696 2379 862 2473 transire,
894 2376 1078 2456 subiectus
1096 2376 1188 2456 foret
1206 2378 1319 2456 servi-

149 2501 218 2580 tuti
238 2502 368 2607 prioris
386 2501 603 2582 matrimonii
623 2501 758 2606 absquo
772 2525 837 2580 sua
857 2500 976 2606 culpa,
999 2525 1079 2580 cum
1097 2503 1314 2580 contrarium

148 2625 273 2706 doceat
301 2626 506 2732 Apostolus,
538 2651 689 2730 cumque
717 2625 809 2704 ratio
845 2625 954 2704 huius
985 2625 1163 2730 privilegii
1190 2650 1315 2704 conce-

142 2749 254 2831 dendi
292 2750 400 2830 luerit
433 2777 478 2830 ne
516 2751 645 2847 fidelis,
686 2751 867 2858 praecepti
899 2751 1113 2842 necessitate
1150 2763 1308 2846 coactae,

219 2979 258 3052 (1)
278 2984 312 3039 it
331 2996 400 3038 vero
419 2983 531 3040 vicario
550 2983 706 3054 apostolico
724 2981 863 3054 Tongkini
883 2981 1066 3038 occidentalis
1086 2980 1207 3038 dubium
1226 2995 1312 3052 expo-

145 3067 225 3124 nenti
246 3069 276 3124 in
296 3083 364 3127 casn
385 3071 560 3128 matrimonii
584 3078 711 3142 ternpore
736 3069 911 3127 infidelitatis
931 3069 1005 3137 initi,
1031 3070 1099 3126 dum
1124 3069 1196 3127 alter
1214 3071 1311 3126 coniu-

146 3169 214 3226 gurn
234 3155 271 3212 ad
291 3157 375 3214 tidem
396 3160 585 3216 convertitur:
610 3163 682 3216 «An
701 3159 724 3216 si
744 3173 802 3216 non
816 3159 933 3216 daretur
946 3159 1010 3215 tatis
1023 3159 1198 3230 dispensatio
1213 3155 1312 3230 (snper

146 3244 240 3302 cultus
261 3245 446 3318 disparitate),
469 3263 533 3320 pars
553 3263 692 3306 conversa
719 3263 775 3306 non
797 3256 891 3320 posset
909 3262 962 3304 nec
982 3248 1057 3305 licite
1082 3261 1135 3306 neo
1153 3247 1249 3305 aalide
1269 3263 1311 3304 re·

145 3345 262 3391 manere
281 3349 347 3392 cum
368 3351 419 3394 sua
444 3346 590 3408 camparte
609 3337 727 3406 infideli,
757 3337 819 3394 sine
841 3337 1012 3396 contumelia
1034 3337 1174 3395 creatoris
1198 3339 1311 3396 444441-

145 3427 203 3480 tare
228 3424 437 3480 consentienti?
452 3445 513 3474 >›-
533 3429 561 3482 S.
587 3428 617 3483 C.
637 3430 664 3484 S.
692 3425 743 3484 Oli.
757 3426 803 3483 die
818 3429 851 3482 14
873 3425 1030 3484 dammare
1051 3430 1119 3486 tata
1145 3427 1307 3497 respondit:

145 3511 290 3578 «Quando
309 3526 377 3584 pars
389 3513 664 3573 inadetisconsemit
682 3515 811 3572 habitare
830 3529 895 3572 cum
916 3513 991 3570 tideii
1011 3514 1120 3584 absque
1133 3515 1308 3572 contumelia

141 3601 294 3668 creatoris,
310 3601 525 3660 matrimonium
539 3603 693 3660 consistere
704 3604 784 3660 inrita
795 3605 826 3658 n.
840 3603 973 3672 Paulum,
986 3603 1126 3676 atqund
1139 3604 1310 3662 totmmoot

142 3687 270 3760 effatum
295 3687 414 3746 nuttam
432 3690 467 3747 to
484 3705 557 3748 aoso
582 3693 777 3748 necessarium
800 3706 855 3748 4444
880 3691 1125 3763 dispeaaottonem
1140 3713 1163 3748 r.
1192 3691 1237 3764 (tn
1256 3693 1305 3750 cit.

142 3778 403 3849 normanicam.
425 3783 484 3836 tta.
505 3797 536 3837 a.
557 3783 629 3850 444).
644 3811 663 3820 -

209 3865 245 3938 (E)
268 3867 398 3924 lielertur
416 3881 431 3922 4
451 3867 588 3924 Claritate
613 3867 647 3924 do
670 3873 853 3926 sacromeoto
870 3871 1007 3926 matrim.
1036 3869 1121 3926 droia.
1144 3873 1187 3924 44.
1212 3883 1244 3924 a.
1272 3873 1307 3926 55

141 3967 175 4010 ex
193 3969 259 4026 cap.
279 3955 384 4012 iudaei
402 3959 446 4012 28.
467 3970 494 4026 q.
515 3959 540 4011 4.

206 4047 243 4100 nt
256 4041 396 4100 eiusmodi
416 4043 588 4100 mnabitatio
601 4043 663 4100 sine
677 4045 851 4102 contumatia
864 4045 1005 4104 creatoris
1016 4053 1081 4114 444,
1096 4059 1230 4116 expressa
1246 4059 1307 4116 per-

141 4129 270 4197 mittitur,
290 4131 482 4188 decretaiihus
501 4132 659 4188 innocentii
680 4135 721 4189 111
734 4147 796 4204 cap.
813 4141 925 4205 quanto
939 4137 965 4190 7.
981 4140 1007 4189 44
1020 4149 1081 4202 rep.
1095 4133 1263 4204 pandemus
1275 4140 1301 4201 8,

139 4217 335 4288 dedicantis,
358 4235 432 4292 quae
452 4221 543 4280 multo
563 4231 688 4293 tempore
708 4231 772 4294 post
790 4223 947 4280 toletanum
966 4237 1104 4280 moenem
1121 4221 1195 4280 edita
1214 4221 1305 4280 inisse

139 4315 258 4366 canstat.

208 4396 243 4470 (3)
265 4398 391 4456 8444444
412 4399 463 4456 tta.
483 4403 509 4456 7.
530 4399 604 4473 dtap.
625 4405 668 4458 74.
689 4415 719 4458 a.
742 4405 785 4458 44.
