3406 5302
626 503 663 518 ..
683 471 742 534 227
765 503 802 518 .-

134 617 236 698 posse
265 593 309 672 ad
338 593 479 674 libitum
518 594 635 674 valide
672 595 905 676 matrimoniis
942 597 1128 688 assistere,
1168 595 1295 674 statuit

132 719 262 822 eligere
291 719 485 826 parochum
512 721 659 824 originis
687 721 805 817 Caiae,
837 721 937 800 illum
965 719 1152 798 sciliceta
1183 723 1296 798 Fran-

133 843 232 938 cisci,
264 857 364 923 ratus
392 843 466 924 loro
494 823 562 923 sibi
598 843 699 924 lacile
737 847 846 926 buius
873 843 1018 951 parochi
1056 842 1296 924 assistentiam

134 967 310 1064 obtinere,
341 983 460 1048 stante
489 969 647 1048 eiusdem
667 971 771 1050 senili
790 969 989 1065 debilitate,
1011 993 1075 1048 sou
1094 957 1213 1074 potius
1232 975 1298 1048 im·

137 1093 344 1189 becillitate,
375 1093 497 1173 addita
525 1095 666 1198 longius
694 1096 865 1175 accersita
893 1093 1058 1200 lutilique
1087 1097 1224 1174 ratione
1253 1093 1296 1172 de

137 1219 266 1297 amitae
294 1231 375 1297 voto
403 1219 541 1324 sponsis
556 1221 762 1325 nuptiarum
782 1218 971 1326 prandium
986 1217 1135 1326 parandi
1155 1219 1294 1322 (111111.

136 1341 197 1419 111.
233 1349 279 1420 18
309 1355 345 1421 et
372 1340 498 1447 alibi).
537 1347 652 1433 Quare
681 1343 780 1423 illum
815 1343 1008 1448 paroehum
1044 1341 1199 1448 quadam
1235 1339 1292 1418 die

136 1465 262 1562 adivit,
293 1465 355 1571 qui
384 1491 504 1546 omnes
524 1467 752 1548 difficultates
771 1467 816 1547 ad
835 1467 1098 1547 matrimonium
1116 1491 1196 1544 cum
1215 1463 1297 1544 Caia

137 1589 332 1670 ineundum
360 1617 423 1700 pro
451 1617 516 1671 suo
534 1592 652 1672 lubitu
671 1594 722 1673 ita
742 1593 952 1699 composuit,
974 1591 1078 1697 quasi
1102 1588 1200 1668 nulla
1220 1588 1298 1666 iura

137 1729 306 1820 urgerent
333 1717 373 1794 in
400 1741 501 1812 casu,
540 1717 720 1822 nullisque
748 1718 824 1822 ipse
852 1729 1035 1796 teneretur
1070 1711 1297 1817 obligationi-

137 1840 218 1935 bus,
251 1839 335 1919 dum
363 1840 527 1946 pluribus
546 1841 750 1940 tenebatur,
772 1855 812 1920 ut
831 1841 960 1946 cuique
978 1851 1091 1946 patet,
1114 1839 1189 1916 sive
1208 1861 1299 1940 quae

136 1966 181 2046 ad
209 1965 416 2054 liceitctcm,
445 1967 520 2046 sive
547 1991 640 2073 quae
659 1966 703 2046 ad
724 1965 948 2046 validitatem
967 1965 1064 2044 illius
1082 1959 1298 2042 matrimonii

138 2091 380 2196 pertinebant.
411 2091 591 2194 Agebatur
618 2091 711 2171 enim
739 2091 782 2170 de
811 2089 1058 2194 coniungendo
1076 2085 1300 2168 matrimonio

137 2214 296 2293 mulieris
333 2213 527 2295 catholicae
563 2241 643 2294 curn
676 2217 751 2294 viro
788 2215 986 2295 acatholico
1013 2227 1050 2293 et
1082 2211 1296 2314 alienigena,

136 2339 271 2444 quiquo
299 2363 385 2421 suae
413 2340 600 2445 parochiae
629 2338 865 2418 iurisdictioni
889 2337 986 2418 haud
1006 2336 1159 2418 subiecti
1177 2348 1316 2416 erant.-

137 2463 206 2544 Sod
235 2464 350 2544 bonus
376 2465 437 2544 ille
464 2465 640 2571 parochus
668 2465 724 2544 bis
753 2465 917 2544 omnibus
944 2463 1174 2571 posthabitis,
1196 2486 1301 2566 prae-

137 2587 260 2666 sertim
288 2588 509 2692 delegatione
537 2615 656 2696 aquo
684 2589 728 2668 de
756 2589 834 2669 iure
871 2589 1016 2692 (Actor.
1051 2585 1113 2666 lol.
1154 2587 1298 2689 9-18),

139 2723 287 2817 excepta
318 2739 338 2790 a
366 2713 457 2792 Titio
485 2712 638 2818 quadam
667 2713 896 2793 attestatione
924 2712 970 2791 ab
989 2737 1027 2791 se
1046 2736 1118 2790 nou
1142 2708 1304 2790 intellec·

138 2849 190 2931 ta,
222 2836 355 2942 quippe
384 2837 564 2918 teutonica
593 2839 716 2942 lingua
744 2853 890 2918 exarata
920 2834 1299 2943 (dorononiam.

138 2961 184 3039 ad
213 2959 269 3066 6),
300 2959 383 3041 huic
420 2961 549 3042 iterum
577 2961 793 3069 baptismum
821 2962 957 3042 1111111
989 2961 1051 3040 sub
1088 2957 1302 3046 conditione,

140 3099 230 3164 teste
259 3085 390 3165 Aloisio
418 3092 456 3167 C.
488 3087 628 3194 (llleg.
660 3089 731 3191 X),
762 3088 859 3195 quod
887 3089 1002 3169 Titius
1029 3085 1155 3193 recipit
1183 3088 1302 3166 animo

139 3209 318 3290 duntaxat
346 3211 454 3290 ritum
482 3214 777 3320 qualemcumque
796 3213 957 3320 patiendi
977 3213 1022 3292 ad
1041 3212 1303 3292 matrimonium

141 3336 402 3431 necessarium
433 3351 542 3441 atqua
570 3363 642 3416 uno
662 3337 856 3443 eodemque
875 3337 933 3416 die
952 3336 1042 3416 lesto
1061 3335 1203 3416 duabus
1223 3349 1304 3414 tan-

46 3487 59 3514 ·
142 3471 216 3537 tum
245 3457 582 3562 proclamationibus
610 3462 647 3538 in
666 3487 732 3540 sna
751 3461 945 3566 parochiali
960 3461 1117 3542 Ecclesia
1133 3461 1300 3567 peractis,

141 3583 246 3662 tertia
283 3585 442 3688 neglecta
482 3599 662 3692 tamquam
695 3612 767 3666 non
804 3586 1019 3682 necessaria,
1051 3583 1097 3664 ad
1125 3583 1307 3664 matrimo-

144 3707 242 3787 nium
279 3709 557 3817 nuncupandum
595 3709 755 3816 procedit
793 3711 938 3818 (detor.
977 3713 1039 3792 fol.
1074 3720 1307 3794 tc-ta-to-

142 3833 256 3936 llleg.
288 3836 357 3942 Β).

223 3967 260 4036 5.
293 3961 445 4053 Revera,
477 3957 535 4037 die
567 3968 612 4037 18
642 3959 719 4038 iulii
761 3969 875 4056 1863,
907 3960 1021 4039 Titius
1053 3973 1089 4038 et
1117 3959 1199 4038 Caia
1233 3986 1304 4038 uua

140 4106 219 4158 cum
248 4081 388 4162 duobus
417 4084 569 4162 testibus
598 4082 1235 4163 111111111111111111111111111111
1257 4087 1303 4162 N.

143 4205 380 4304 discedentes,
412 4208 456 4288 ad
484 4209 679 4314 paroobum
707 4235 738 4288 s.
771 4209 948 4288 Francisci
982 4233 1019 4288 se
1051 4208 1252 4302 conferunt,
1271 4221 1307 4286 et

144 4332 188 4410 ab
216 4357 258 4412 eo
287 4347 414 4439 petunt
443 4347 484 4412 ut
511 4333 596 4412 huie
623 4334 846 4413 matrimonio
874 4335 1032 4412 assistat.
1055 4337 1186 4411 llorum
1214 4331 1307 4410 votis
1435 4367 1436 4370 ¹

142 4483 274 4538 morem
294 4458 526 4538 libentissime
546 4483 672 4562 gerens
692 4457 751 4538 ille
770 4458 962 4564 parochus,
976 4481 1036 4558 eos
1057 4457 1103 4537 ad
1121 4454 1309 4564 parocbia·-
