3444 5302
858 384 1013 446 ..32-

361 511 491 607 redire,
523 538 602 592 oum
630 513 782 620 primum
798 514 913 602 valide
928 515 1056 594 initum
1076 515 1350 594 restaurandum
1378 516 1427 596 sit
1444 541 1529 596 aon-

360 637 497 739 iugium
525 637 626 716 iuxta
655 640 857 718 sanctiones
885 639 1074 717 eanonioas
1101 637 1176 744 (1).

442 761 542 850 ouod
571 761 600 840 si
630 787 756 865 graves
783 777 936 865 urgeant
963 787 1105 856 causae,
1138 763 1175 840 hi
1204 763 1373 866 coniuges
1393 763 1531 865 efflagi-

360 897 438 964 tare
466 898 636 990 poterunt
656 913 676 963 a
696 889 838 964 Summo
866 885 1035 965 Pontifioe
1054 885 1358 992 dispensationem
1377 913 1398 964 a
1416 886 1530 992 primo

360 1008 585 1088 matrimonio
614 1021 691 1088 rato
719 1035 791 1088 non
818 1022 1074 1105 consummato,
1106 1010 1296 1089 dummodo
1324 1021 1418 1089 carto
1444 1033 1530 1086 eon·

361 1147 433 1212 stet
460 1132 504 1212 de
533 1159 605 1212 non
633 1147 755 1214 seauta
776 1135 1078 1214 consummatione
1097 1134 1268 1238 coniugii.
1288 1179 1312 1194 -
1330 1138 1406 1213 Hae
1423 1156 1528 1238 porro

362 1259 629 1365 dispensatione
658 1259 819 1354 obtenta,
850 1261 986 1366 primus
1013 1258 1073 1336 iile
1092 1259 1222 1336 ooniur
1242 1283 1373 1336 novum
1394 1256 1528 1334 vaiebit

361 1392 546 1487 praestare
559 1405 771 1460 eonsensum
790 1379 835 1458 ad
856 1381 1011 1458 valorem
1030 1379 1178 1458 secundi
1199 1379 1278 1458 initi
1293 1379 1525 1472 matrimonii,

362 1519 399 1584 et
427 1505 532 1597 alter,
564 1504 594 1582 si
624 1503 725 1599 velit,
757 1503 802 1581 ad
830 1504 899 1581 alia
927 1517 1009 1582 rota
1038 1505 1192 1583 transire
1220 1502 1295 1609 (2).

441 1639 479 1708 o.
504 1629 572 1707 Sed
587 1655 698 1734 quum
714 1629 774 1707 alii
791 1628 922 1708 dentur
936 1653 1040 1706 easus
1054 1627 1300 1706 dissolutionis
1314 1626 1528 1705 matrimonii

361 1779 425 1860 pro
453 1751 595 1830 diversa
632 1753 862 1856 impotentiae
891 1751 1046 1846 ratione,
1077 1749 1202 1830 sedulo
1231 1748 1326 1855 apud
1361 1748 1528 1854 probatos

362 1881 532 1955 ductores
569 1874 845 1978 inquirendum,
885 1875 1029 1980 quando
1065 1900 1122 1952 res
1150 1873 1320 1980 postulet,
1352 1885 1462 1950 anet
1490 1871 1528 1950 in

361 1999 495 2104 quibus
524 1997 604 2076 aliis
632 1997 790 2092 ansibus,
822 1997 995 2077 dissoluto
1026 1997 1251 2076 matrimonio
1279 1995 1325 2075 ab
1352 1999 1529 2101 impoten-

362 2127 465 2222 tiam,
496 2121 710 2203 restituendi
737 2125 810 2201 sint
838 2121 906 2201 sibi
935 2121 1103 2224 ooniuges
1131 2120 1205 2226 (3).

806 2357 978 2444 etPuu
1009 2361 1085 2444 III.

515 2563 564 2644 tia
591 2559 842 2663 impedimentis
870 2561 1118 2644 matrimonium
1147 2561 1381 2644 dirimentibus

547 2708 590 2766 ex
609 2684 806 2766 reserantia
825 2683 913 2766 inter
932 2686 1139 2789 propinquas
1158 2688 1342 2768 seruanda

786 2893 1040 2970 tnttcttntts
1069 2893 1099 2968 1.

402 3054 447 3128 lto
469 3053 694 3148 inpedimento
718 3055 923 3149 cognationis
945 3055 1116 3146 naturalis,
1140 3051 1336 3150 spiritualis,
1361 3053 1492 3150 legalis

441 3232 482 3336 a)
510 3240 561 3311 De
587 3229 805 3336 oopnatiant's
834 3231 1013 3310 naturalis
1041 3259 1100 3311 saa
1127 3233 1446 3339 consaapainitatis

813 3354 1072 3460 impedimento.

446 3553 481 3623 1.
513 3541 682 3646 Cognatio
701 3543 875 3622 naturalis
894 3569 958 3622 seu
977 3545 1269 3648 consanguinitas
1292 3548 1524 3628 communiter

363 3669 533 3748 definitur
561 3693 605 3746 ex
633 3671 677 3745 D.
700 3667 851 3774 thoma:
882 3669 1063 3748 vinculum
1091 3694 1155 3748 seu
1184 3671 1385 3752 aoniunatio
1404 3695 1527 3777 perso-

432 3844 467 3919 (1)
488 3850 530 3904 Ex
549 3860 610 3918 oap.
631 3845 765 3918 acaapisti
785 3851 809 3902 t.
830 3851 858 3902 et
876 3859 937 3916 cap.
963 3847 1165 3918 fraternitatis
1184 3855 1211 3906 6.
1231 3849 1266 3906 de
1285 3849 1392 3922 trinta.
1411 3855 1437 3907 et
1463 3864 1525 3908 ma-

363 3935 432 4007 lefic.
454 3967 486 3977 -
506 3937 646 3994 Banodiot.
670 3939 731 3992 xlv
750 3936 784 3992 de
803 3935 916 4007 Synodo
938 3936 990 3994 lib.
1012 3941 1054 3994 tr.
1074 3952 1137 4009 cap.
1158 3943 1203 3994 21.
1224 3955 1254 3996 1.
1276 3945 1303 3996 5.

430 4025 468 4096 tt]
486 4023 633 4080 Eiusmodi
648 4023 896 4094 dispensationum
909 4023 1072 4094 exemplum
1092 4025 1258 4085 videbimus
1273 4027 1302 4083 in
1321 4027 1527 4098 disceptatione

359 4115 387 4170 t.
406 4119 514 4184 quarsi-
535 4119 561 4166 2.
583 4139 616 4151 -
637 4115 674 4170 tte
693 4111 794 4170 iisdem
819 4112 948 4184 loquitur
970 4113 1112 4170 Benediot.
1132 4115 1376 4186 1111111111
1403 4113 1524 4174 misera·

360 4202 443 4268 amna,
466 4201 496 4272 3.
518 4208 561 4258 rs.

430 4289 470 4361 (3)
489 4289 536 4347 cir
567 4292 739 4349 Laurentum
761 4289 812 4348 tto.
834 4297 859 4347 t.
881 4293 927 4350 tit.
952 4297 1125 4365 {aquaist
1154 4297 1216 4362 25⁶,
1251 4292 1281 4350 iu
1310 4305 1364 4364 qua
1395 4293 1524 4366 quinque

359 4377 494 4449 expendit
511 4379 653 4436 eiusmodi
672 4393 756 4437 easus
776 4380 964 4452 separationis
983 4387 1010 4438 et
1030 4381 1226 4439 restitutionis.
