3402 5292
229 955 448 1046 spostolicae
472 955 745 1048 dispensetionon
766 956 800 1028 in
822 973 902 1030 enen
925 954 1085 1032 deiecisse
1108 957 1304 1033 ostenditur.

266 1216 331 1286 25.
363 1210 472 1284 Porro
500 1207 595 1311 qnod
628 1233 751 1286 revera
785 1232 856 1284 non
892 1208 1351 1314 praecesseritapostodica

184 1328 406 1434 dispensatio
434 1355 542 1434 super
569 1329 773 1410 huiusmodi
812 1328 1063 1434 impedimento
1087 1333 1351 1412 matrimonium

185 1451 387 1546 dirimente,
401 1479 444 1532 en
460 1452 624 1558 pluribus
643 1466 795 1532 cunstat.
816 1459 865 1532 dc
879 1453 1144 1558 primoquidem
1162 1481 1240 1534 cum
1260 1456 1352 1535 nihii

184 1575 332 1654 volitum
350 1579 438 1680 quin
453 1578 734 1681 praecognitum,
749 1603 790 1655 ac
804 1591 901 1655 certo
921 1589 1072 1668 constet,
1095 1590 1250 1682 tempore
1271 1579 1351 1657 initi

185 1699 400 1776 matrimonii
429 1699 604 1778 neminem
625 1699 940 1806 dfiimpedimento
959 1701 1147 1802 cogitasse,
1171 1725 1215 1780 ne
1231 1703 1349 1806 ipsum

185 1822 329 1926 quidem
357 1823 552 1928 parochnm
580 1849 620 1902 ac
648 1823 736 1902 duos
766 1837 875 1902 testes
890 1823 1039 1915 iuratos,
1063 1825 1125 1928 qni
1146 1825 1251 1902 immo
1269 1825 1351 1904 nud-

183 1946 257 2024 lum
287 1947 381 2024 inter
399 1946 652 2026 contrahentes
671 1947 962 2052 impedimentum
978 1959 1100 2025 entare
1120 1947 1246 2025 Curiae
1275 1948 1352 2053 epi-

186 2073 319 2177 scopati
339 2071 462 2151 testati
483 2071 624 2152 inerant
643 2077 785 2176 (praec.
807 2095 851 2178 a.
870 2069 928 2174 t),
947 2071 1030 2149 hinc
1048 2071 1351 2177 dispensationem

184 2210 306 2299 petere
335 2221 436 2274 nemo
464 2197 581 2300 potnit
608 2221 716 2300 snper
736 2195 855 2298 ignoto
875 2193 1140 2299 impedimento.
1163 2200 1352 2274 -Praete-

182 2342 242 2396 rea
272 2317 421 2422 ipsemet
449 2319 660 2424 episcopalis
689 2320 792 2396 Curia
820 2331 989 2412 testatur,
1013 2321 1188 2396 neminem
1208 2343 1250 2396 en
1267 2343 1351 2398 con-

182 2441 430 2534 trahentibus,
472 2467 538 2520 nec
573 2465 788 2546 quemquam
825 2441 933 2518 alium
970 2465 1035 2545 pro
1071 2442 1158 2546 ipsis
1192 2467 1350 2546 unquam

182 2565 344 2669 petiisse,
376 2565 574 2644 obtinuisse
602 2591 643 2644 ac
661 2563 860 2644 exhibuisse
874 2564 986 2642 eidem
1002 2567 1128 2643 Curiae
1149 2565 1255 2644 ullam
1275 2566 1351 2645 dis-

181 2691 427 2792 pensationem
455 2715 563 2794 snper
590 2715 710 2768 eornm
744 2687 886 2794 publico
918 2688 1170 2793 impedimento
1198 2714 1352 2768 consan-

181 2811 370 2912 guinitatis
405 2814 443 2890 in
480 2815 585 2892 tertio
617 2811 743 2915 gradu.
777 2813 958 2892 Neminem
994 2837 1077 2890 vero
1110 2811 1213 2908 latet,
1252 2814 1349 2918 quod

181 2935 224 3014 de
253 2938 347 3044 stylo
374 2951 448 3018 tum
480 2939 644 3018 buteriae
681 2939 909 3044 apostolicae,
950 2952 1026 3018 tum
1067 2964 1189 3018 sacrae
1224 2939 1350 3018 Poeni-

181 3060 370 3139 tentiariae
399 3061 487 3166 (pro
514 3060 753 3168 pauperibus)
783 3061 926 3140 concedi
946 3061 1165 3166 dispensatio
1194 3086 1264 3139 non
1292 3087 1350 3140 so-

181 3185 252 3264 leat
280 3211 388 3290 super
416 3186 620 3266 huiusmodi
639 3185 796 3292 publicis
825 3185 1087 3291 impedimentis
1125 3187 1261 3292 absque
1289 3188 1350 3267 lit—

181 3311 267 3389 teris
309 3313 610 3392 testimonialibus
647 3313 772 3391 Curiae
808 3311 1020 3416 episcopalis
1055 3314 1228 3390 Oratoris
1251 3357 1276 3372 -
1306 3319 1349 3390 nt

180 3431 265 3512 dato
293 3435 400 3514 etiam
430 3435 522 3538 quod
553 3435 747 3540 aliquando
774 3437 910 3539 absque
939 3433 1108 3539 praedatis
1127 3435 1257 3513 litteris
1276 3433 1351 3513 dis·

180 3560 408 3660 pensationes
444 3559 705 3652 concedantur,
745 3572 882 3638 certum
920 3571 993 3652 est,
1030 3557 1259 3636 Ordinarium
1288 3583 1350 3636 eas

179 3682 341 3782 ignorare
371 3707 441 3760 nun
469 3707 586 3786 posse.
612 3715 629 3754 o
653 3683 743 3761 Olim
763 3683 910 3788 quippe,
934 3685 987 3760 uti
1007 3681 1130 3758 scribit
1149 3679 1339 3775 Corradus,

183 3835 199 3876 ‹
224 3803 427 3884 huiusmodi
457 3805 741 3912 dispensationes
768 3808 804 3884 in
835 3807 911 3911 ipsa
940 3830 1085 3884 romana
1114 3806 1233 3900 Curia,
1262 3830 1349 3883 can-

181 3955 199 3998 «
222 3953 282 4006 sae
297 3929 511 4030 cognitione,
530 3945 826 4035 narratorumque
839 3929 1077 4008 verificatione
1094 3927 1342 4032 praecedente,

182 4079 200 4124 ‹
222 4051 260 4128 in
289 4050 399 4130 dorma
429 4054 582 4156 gratiosa
600 4054 846 4158 utplurimum
875 4051 1163 4131 concedebantur
1182 4085 1199 4124 e
1222 4053 1343 4158 (Pyrr.

180 4177 376 4256 Corradus:
409 4180 545 4257 Procris
574 4179 728 4283 dispens.
761 4175 787 4255 l.
820 4187 856 4255 7.
889 4201 920 4254 c.
955 4186 990 4254 t.
1022 4177 1061 4254 e'ro
1088 4175 1256 4276 exord).
1279 4181 1349 4254 Vc-

181 4323 274 4393 rum,
315 4313 356 4378 nt
390 4299 482 4379 idem
521 4301 570 4380 ibi
599 4314 634 4379 et
666 4300 868 4379 accuratius
901 4297 986 4376 alibi
1020 4312 1121 4378 notat
1156 4301 1346 4376 ‹Decreto

182 4427 314 4504 <sacri
343 4427 488 4506 Concilii
518 4427 719 4522 tridentini,
742 4453 824 4505 sess.
857 4435 921 4506 22.
945 4449 976 4504 c.
1001 4435 1038 4506 5.
1060 4425 1102 4505 de
1129 4425 1345 4532 resor.,ca-
