3424 5300
654 447 835 508 -trs-
1024 387 1070 488 ⁸

150 573 258 678 atque
286 573 382 679 ipsos
410 571 604 677 Episcopos
632 585 670 650 et
696 571 878 650 Ministros
909 572 955 649 ab
984 571 1188 652 huiusmodi
1216 567 1319 652 seru·-
1395 620 1399 630 ·

150 698 245 804 pulis
273 695 428 776 eximere
456 695 631 790 volentes,
662 707 760 773 motu
788 695 932 808 proprio
959 708 995 774 et
1024 708 1121 774 certa
1148 696 1313 792 scientia,

149 833 273 900 nostro
300 831 333 898 et
361 816 574 925 apostolicae
602 817 788 923 potestatis
818 815 1058 922 plenitudine,
1087 831 1128 897 ut
1160 819 1241 898 Indi
1269 819 1320 898 sic

149 957 192 1024 ut
219 942 463 1049 praemittitur
490 941 662 1047 baptizati
691 953 726 1020 et
754 941 792 1018 in
820 941 981 1021 futurum
996 941 1217 1048 baptizandi,
1239 969 1319 1022 cum

150 1095 260 1149 uxore
297 1093 391 1174 quae
428 1092 509 1146 cum
537 1065 625 1172 ipsis
653 1063 760 1144 fuerit
797 1064 980 1170 baptizata
1008 1081 1045 1146 et
1077 1067 1320 1172 baptizabitur

150 1218 334 1272 remanere
362 1189 506 1270 ooleont
535 1201 708 1294 tonpnom
735 1213 815 1266 cnm
831 1213 943 1268 onore
970 1188 1145 1294 lepitana,
1167 1190 1246 1269 aliis
1265 1190 1321 1270 di-

153 1318 271 1396 missis
300 1315 374 1422 (1),
406 1313 600 1420 apostolico
636 1313 866 1400 auctoritate,
900 1326 1021 1394 tenore
1060 1315 1316 1420 praesentium,

151 1439 393 1525 declaramus,
423 1436 760 1542 matrimoninrnpue
794 1437 996 1516 huiusmodi
1024 1437 1198 1516 intereos
1232 1435 1319 1542 lapi-

153 1566 238 1646 timc
265 1563 494 1644 consistere»
524 1577 594 1644 eto.

230 1698 342 1773 Tenet
370 1691 492 1795 itaque
520 1689 684 1770 Pontifex
713 1689 769 1769 rel
788 1680 1037 1769 difficillimum
1056 1715 1134 1770 esse
1154 1692 1317 1796 primam,

148 1844 244 1924 quae
271 1815 430 1920 legitima
459 1815 563 1912 foret,
595 1815 779 1918 coniugem
806 1815 980 1920 reperire3
1004 1841 1086 1919 orgo
1105 1841 1190 1921 prae
1210 1815 1322 1894 oculis

152 1941 295 2035 hahuit,
327 1965 400 2018 non
427 1953 590 2019 constare
610 1939 654 2018 de
670 1941 747 2017 eius
762 1937 931 2026 discessu,
951 1937 1040 2043 quin
1055 1951 1090 2016 et
1104 1937 1181 2018 fieri
1200 1962 1318 2042 posse,

153 2081 194 2148 ut
222 2081 258 2146 et
286 2067 378 2173 ipsa,
410 2066 533 2146 diuina
560 2066 742 2171 aspirante
762 2065 891 2168 gratia,
913 2065 983 2144 iam
1002 2063 1047 2144 ad
1067 2065 1197 2144 Christi
1217 2063 1322 2142 fidem

156 2207 193 2272 et
220 2191 437 2297 baptismum
470 2190 626 2286 venerit3
649 2235 674 2250 -
692 2189 748 2268 vel
782 2188 1011 2268 durissimum
1044 2213 1122 2268 esse
1155 2211 1322 2292 separare

153 2341 363 2398 conversum
392 2313 438 2392 ab
467 2338 578 2393 uxore
604 2313 789 2417 illegitima
818 2313 1014 2418 baptizata,
1037 2328 1079 2393 ut
1098 2327 1161 2392 aut
1189 2325 1323 2391 castam

155 2443 266 2520 vitam
293 2440 402 2519 ducat
429 2438 580 2532 inuitus,
611 2451 676 2516 aut
703 2439 852 2542 primam
880 2437 1074 2541 legitimam
1106 2437 1255 2543 recipiat
1288 2438 1319 2516 si

157 2563 378 2656 inveniatur,
409 2574 446 2640 et
473 2562 632 2640 conuerti
661 2561 748 2640 velit
775 2561 832 2640 vel
860 2559 1023 2640 habitare
1042 2561 1201 2668 pacifice.
1220 2561 1324 2641 Nihi-

157 2687 311 2766 lominus
339 2685 512 2780 declarat,
543 2709 753 2765 conversum
781 2709 964 2764 remanere
991 2710 1095 2790 posse
1114 2711 1194 2764 cum
1213 2711 1323 2765 uxore

155 2812 339 2917 baptizata
366 2823 537 2915 tanquam
566 2835 646 2888 oum
674 2835 785 2890 uxore
812 2811 985 2914 legitima,
1008 2811 1171 2916 quamvis
1190 2811 1325 2890 nonsit

154 2935 284 3040 prima,
315 2947 352 3014 et
380 2933 552 3012 eiusmodi
580 2933 845 3012 matrimonium
874 2933 1042 3013 intereos
1070 2933 1326 3038 legitimecon-

156 3060 298 3136 sistere.
331 3061 376 3135 At
404 3080 626 3161 veroquam
654 3081 836 3135 remanere
865 3083 936 3135 non
968 3057 1104 3136 valeret
1132 3081 1324 3138 conuersus

155 3205 237 3259 oum
267 3179 380 3258 altera
408 3193 489 3284 post
516 3177 666 3284 primam
694 3178 816 3274 ducta,
839 3204 955 3285 neque
975 3181 1042 3260 hoc
1060 3180 1326 3260 matrimonium

156 3305 353 3384 consistere
380 3317 516 3408 posset,
548 3302 617 3380 nisi
644 3302 774 3407 prioris
801 3303 955 3407 coniugii
974 3305 1116 3384 vinculo
1135 3306 1323 3403 dissolnt03

157 3453 311 3533 cumque
339 3427 469 3507 solutio
497 3427 631 3506 vinculi
659 3427 697 3505 in
724 3453 810 3506 casu
838 3453 954 3533 neque
982 3435 1086 3510 murti
1114 3433 1248 3536 primae
1275 3431 1328 3510 le-

160 3552 306 3657 gitimae
332 3551 469 3646 uxoris,
501 3577 594 3656 quae
622 3551 696 3630 vita
724 3550 795 3630 frui
823 3555 1052 3657 supponitur,
1080 3557 1197 3661 neque
1215 3553 1329 3632 facul-

161 3677 227 3759 tati
256 3676 302 3756 ab
331 3675 489 3782 apostolo
518 3675 628 3754 Paulo
656 3701 841 3756 concessae
870 3678 915 3757 ob
942 3679 1071 3785 prioris
1098 3680 1219 3758 uxoris
1247 3679 1329 3758 infi-

160 3799 253 3880 delis
272 3799 478 3887 discessum,
494 3799 776 3880 concludendum
797 3815 865 3898 est,
888 3829 1070 3883 romanum
1100 3803 1323 3900 Pontificem,

158 3921 373 4029 opostoiicoe
400 3923 626 4002 auctoritatis
642 3935 675 4001 ct
690 3925 875 4030 potestatis
902 3925 1123 4032 plenitudine
1150 3927 1327 4022 adhibita,

164 4059 306 4124 utnon
335 4047 446 4127 otiose
474 4045 537 4126 sed
552 4047 741 4150 vigilanter
769 4048 941 4146 declarat,
977 4049 1130 4155 primum
1163 4049 1266 4152 illud,
1298 4049 1329 4130 si

164 4169 262 4275 quod
290 4171 452 4267 extabat,
483 4171 665 4250 vinculum
693 4171 829 4252 solvere
845 4186 880 4251 et
895 4172 1034 4252 auterre
1059 4174 1227 4268 uoluisse,
1250 4171 1327 4252 dis·

163 4296 348 4400 pensando
367 4323 388 4374 a
407 4296 517 4402 priori
537 4297 761 4376 matrimonio
791 4297 906 4376 valido
920 4298 963 4400 in
986 4297 1197 4378 infidelitate
1221 4299 1326 4397 inito,

237 4449 274 4523 [11
293 4452 368 4517 Quas
386 4451 462 4509 inter
480 4459 506 4510 et
523 4452 634 4525 potato,
657 4467 730 4525 quae
751 4454 875 4526 legitima
896 4464 966 4526 eret,
987 4457 1248 4529 eomprehenditur.
