3406 5302
895 461 932 476 ..
953 429 1012 492 224
1036 463 1069 474 .-

397 551 441 631 ob
468 553 664 658 praefatam
696 553 894 634 Tridentini
925 553 1037 657 legem
1066 553 1144 634 inse
1177 555 1295 657 agitur
1327 553 1371 633 de
1400 555 1554 634 haereti·

396 701 516 755 corum
544 675 651 756 locali
678 679 732 757 vei
756 678 940 785 personali
967 679 1190 784 exemptione
1219 677 1264 756 ab
1284 704 1325 758 ea
1345 679 1442 782 lege3
1465 679 1557 758 unde

396 802 502 882 etiam
535 801 578 882 de
611 803 810 886 rationibus
833 801 1094 882 'declarationis
1127 801 1309 887 Benedicti
1345 807 1425 882 XIV
1463 804 1552 882 circa

396 926 618 1006 matrimonia
648 925 858 1006 Hollandiae
877 941 914 1006 et
933 927 1059 1030 Belgii,
1091 927 1313 1032 aliarumque
1328 931 1479 1007 Sanctae
1499 932 1559 1008 Se-

394 1047 450 1127 dis
478 1049 744 1132 resolutionem.

959 1164 990 1237 l.

729 1309 781 1380 De
807 1301 1032 1380 matrimonii
1060 1299 1228 1380 nullitate

397 1406 550 1512 inspecto
568 1432 751 1496 consensu,
762 1408 956 1496 domicilio,
973 1408 1172 1515 improprio
1198 1407 1314 1488 cultas
1327 1408 1553 1513 disparitate.

501 1575 537 1643 1.
568 1566 714 1645 Litteris
743 1567 813 1648 diei
848 1577 897 1648 et
932 1569 1075 1672 augusti
1114 1572 1198 1648 anni
1235 1577 1331 1648 1871
1368 1571 1415 1646 R.
1448 1573 1488 1647 P.
1511 1573 1552 1648 D.

393 1692 429 1765 S.
461 1691 499 1767 C.
536 1691 680 1770 Concilii
714 1694 932 1774 secretarius
965 1693 1052 1772 mihi
1086 1693 1285 1798 significare
1322 1656 1552 1798 dignabatni,

392 1816 660 1897 Sanctissimnm
695 1822 737 1896 D.
770 1823 814 1899 N.
851 1819 919 1898 iam
949 1819 1032 1899 inde
1059 1845 1080 1896 a
1109 1817 1166 1898 die
1195 1829 1215 1898 3
1247 1819 1323 1896 iulii
1357 1819 1394 1897 d.
1426 1846 1460 1897 a.
1492 1819 1555 1898 be-

391 1941 497 2045 nigne
526 1942 731 2040 indulsisse,
764 1958 805 2023 ut
835 1944 921 2023 baec
949 1970 1055 2024 cansa
1076 1969 1167 2048 quae
1188 1943 1394 2022 inscribitur
1424 1943 1556 2023 ‹Nal-

391 2063 506 2146 litotis
534 2069 756 2149 matrimonii
774 2103 792 2146 >
809 2095 854 2148 er
882 2069 1022 2149 deiectu
1037 2069 1292 2150 iurisdictionis
1320 2070 1357 2148 in
1376 2069 1554 2149 sacerdote

390 2190 583 2272 adsistente
630 2193 860 2274 celebrationi
882 2193 1039 2273 eiusdem
1060 2193 1275 2273 matrimonii
1309 2193 1403 2273 inter
1423 2193 1552 2274 Titium

391 2325 426 2392 et
453 2319 571 2395 Caiam
599 2333 773 2424 sequutae
801 2319 859 2398 die
890 2327 937 2396 18
966 2317 1044 2397 iutii
1072 2345 1132 2396 an.
1160 2325 1275 2413 1863,
1293 2331 1411 2397 stante
1431 2317 1553 2396 coniu-

391 2465 474 2542 gum
493 2457 718 2548 paupertate,
737 2445 956 2524 oeconomice
972 2457 1230 2552 proponeretur
1258 2468 1337 2521 cum
1356 2457 1438 2522 voto
1453 2442 1553 2521 theo-
1692 2543 1693 2554 ἶ

390 2565 460 2670 logi
503 2582 540 2648 et
580 2572 804 2666 canonistae,
840 2596 920 2648 oum
956 2567 1322 2648 animadversionibus
1359 2567 1552 2648 defensoris

389 2692 605 2773 matrimonii
633 2717 677 2772 er
705 2693 833 2790 officio,
865 2706 973 2798 atque
997 2692 1042 2772 ab
1063 2691 1359 2774 Eminentissimis
1386 2690 1552 2772 Patribus

387 2820 424 2894 S.
456 2818 599 2896 Consilii
628 2819 826 2898 Tridentini
855 2817 1114 2924 interpretibus
1142 2819 1180 2896 in
1200 2817 1312 2920 gradu
1339 2816 1551 2922 appellatio-
1691 2831 1692 2844 ¹

386 2939 442 3022 nis
452 2940 806 3037 minorarentur,
827 2942 1046 3024 transmissis
1066 2967 1130 3047 per
1150 2941 1395 3026 authenticam
1414 2940 1548 3045 copiam

388 3068 477 3148 actis
504 3067 733 3152 iudicialibus
761 3069 798 3148 in
826 3067 1018 3174 episcopali
1046 3069 1150 3149 Curia
1170 3066 1326 3148 civitatis
1346 3070 1390 3145 N.
1413 3064 1553 3150 conlec-

386 3193 446 3288 tis,
477 3192 571 3272 idem
599 3193 838 3299 amplissimus
869 3192 1016 3271 Praesul
1044 3192 1248 3273 cononistoc
1291 3215 1423 3274 munus
1463 3190 1550 3276 mibi
1690 3245 1691 3256 .

387 3315 597 3400 concredere
630 3315 748 3413 duxit,
788 3329 829 3398 ut
861 3316 905 3396 de
940 3315 1065 3402 iisdem
1104 3316 1192 3396 actis
1228 3315 1478 3420 sententiaque
1507 3315 1551 3394 ab

385 3441 510 3522 eadem
537 3443 641 3522 Curia
655 3442 694 3524 in
703 3443 817 3548 primo
844 3440 1101 3524 iurisdictionis
1121 3442 1233 3545 gradu
1253 3443 1391 3548 prolata
1410 3441 1549 3549 opinio·

386 3592 467 3648 nem
494 3595 607 3648 meam
634 3567 840 3674 proferrem.
871 3569 971 3659 Quod
999 3582 1041 3650 ut
1054 3594 1132 3698 pro
1150 3569 1237 3650 meis
1257 3570 1408 3664 viribus,
1426 3569 1549 3650 ordine
1689 3643 1690 3704 p

383 3693 486 3773 iuxta
513 3718 553 3772 ac
581 3693 757 3788 claritate,
781 3692 999 3798 perficerem,
1021 3691 1223 3772 eorumdem
1243 3705 1400 3774 actorum
1421 3693 1546 3772 seriem

385 3815 467 3897 inde
495 3817 540 3896 ab
568 3816 688 3896 limine
717 3816 875 3914 brevius,
893 3841 965 3924 quo
983 3817 1060 3896 fieri
1079 3817 1214 3928 potuit,
1236 3842 1414 3924 exponere
1432 3818 1544 3920 sategi

384 3953 425 4021 ut
443 3943 619 4050 sequitur.
725 4045 728 4055 .

675 4135 843 4190 AG'IORU!
872 4133 998 4188 sentes
1024 4131 1245 4186 strennue.

491 4299 528 4372 2.
551 4291 633 4370 Caia
648 4290 743 4398 apud
754 4289 956 4396 parochiam
971 4313 1001 4368 s.
1020 4284 1198 4366 Francisci
1213 4279 1397 4364 cuiusdam
1409 4282 1550 4369 italicae
1687 4369 1688 4410 p

383 4417 568 4514 dioecesis,
586 4417 625 4498 in
643 4415 758 4498 lucem
777 4415 887 4512 edita,
905 4426 1041 4522 septem
1055 4423 1119 4495 aut
1133 4421 1211 4492 octo
1229 4411 1417 4493 tirannos
1442 4423 1542 4516 nata,
