3402 5292
868 411 1040 474 —3'rd—

372 567 390 606 «
415 535 559 614 nentiae
586 537 772 640 praebere,
796 551 832 616 et
853 537 1062 616 continuum
1080 533 1266 614 confovere
1285 547 1475 638 peecatum
1499 561 1534 611 ι.

365 657 473 736 ·ldem
494 659 605 737 sentit
619 663 756 766 Ursaya
777 659 933 765 (Discep.
957 659 1053 742 Eecf.
1072 671 1156 738 tom.
1177 667 1214 737 3.
1230 669 1331 762 port.
1356 666 1394 736 2.
1418 681 1455 734 n.
1470 659 1540 760 93)

374 782 465 860 -ibi
483 813 538 856 -«
555 789 621 864 Pro
642 785 712 862 alia
739 797 860 863 tamen
887 809 995 864 eausa
1014 784 1219 863 admittitur
1233 810 1253 860 a
1268 786 1343 860 DD.
1360 781 1542 893 'inzpoten-

374 937 391 978 «
417 909 469 984 tio
496 909 569 986 m'n¹
597 909 640 986 ad
670 909 987 992 consummandum
1006 907 1284 1000 matrimonium,
1307 928 1351 983 ne
1371 931 1462 984 uror
1481 929 1542 985 oo-

374 1045 522 1133 «gatur
550 1031 663 1110 invita
691 1031 736 1110 ad
765 1033 977 1111 oaefibatum
997 1030 1225 1124 serrandum,
1253 1029 1308 1106 rel
1326 1027 1540 1107 subiioiatur

334 1151 338 1157 ’
374 1155 696 1234 «incontinentiae
723 1157 950 1261 perieulis».
983 1155 1096 1261 quue
1125 1181 1144 1233 a
1174 1154 1309 1234 fortiori
1330 1153 1461 1232 ibidem
1481 1177 1541 1229 ar-

373 1279 450 1382 guit
478 1279 534 1356 ref
561 1305 605 1358 ox
633 1279 789 1385 eoquod
809 1280 940 1359 iustam
960 1280 1131 1385 praebeat
1161 1277 1439 1383 dispensationis
1453 1303 1540 1356 oau-

371 1429 447 1480 sam
476 1402 685 1482 voluntarie
713 1404 821 1482 etiem
850 1403 978 1482 difotr'o
1005 1402 1078 1481 oiri
1105 1401 1268 1507 alioquin
1284 1399 1437 1506 potentis
1457 1425 1541 1478 oon-

372 1528 582 1605 summondo
612 1527 896 1606 matrimonium.
937 1533 992 1607 lta
1032 1527 1139 1606 etiam
1179 1525 1367 1629 Pignatelfi
1403 1525 1538 1629 aliique

372 1673 480 1754 supra
508 1651 624 1730 titati.
655 1652 757 1730 Unde
791 1653 878 1730 haee
912 1653 988 1757 ipsu
1021 1678 1051 1728 s.
1096 1650 1329 1751 congregatio
1364 1649 1412 1727 ob
1436 1649 1538 1726 hano

372 1776 566 1882 prinoipem
595 1799 753 1870 oausam,
785 1790 820 1854 et
849 1775 969 1854 forsan
997 1774 1042 1852 ob
1070 1775 1163 1853 hano
1191 1773 1347 1866 unitam,
1379 1797 1450 1849 non
1478 1795 1538 1849 se-

372 1901 440 1978 mel
469 1923 533 2004 pro
560 1899 826 2004 dispensatione
853 1899 1047 1991 consuluit,
1079 1899 1133 1977 nti
1154 1901 1189 1976 in
1212 1896 1377 1976 Godieert.
1407 1896 1540 1974 metri-

375 2025 486 2103 mom't'
514 2033 562 2103 et
592 2025 745 2102 ianuarii
776 2033 900 2114 1857,
932 2023 968 2100 in
995 2049 1066 2127 qua
1095 2047 1138 2099 er
1176 2022 1286 2100 dubio
1323 2021 1539 2100 matrimonii

373 2149 492 2226 valore
520 2147 634 2252 petite
655 2147 737 2242 fuit,
759 2161 801 2225 ut
821 2161 923 2252 puto,
946 2146 1130 2250 potissima
1150 2145 1381 2251 dispensandi
1399 2171 1535 2241 oausa;

373 2299 485 2378 quum
515 2273 627 2351 altera
656 2297 700 2349 ex
729 2274 930 2350 animorum
958 2271 1137 2350 discordia
1156 2272 1325 2366 deducta,
1349 2295 1420 2349 non
1448 2272 1537 2350 satis

371 2395 523 2500 probata
552 2408 757 2498 appareret,
789 2419 891 2473 senus
924 2419 964 2472 ao
993 2395 1027 2472 in
1057 2396 1237 2497 praesenti
1271 2421 1369 2488 nasu,
1400 2419 1472 2499 quo
1500 2407 1538 2472 et

373 2519 462 2596 haee
491 2519 585 2597 iusta
614 2533 650 2596 et
680 2518 797 2622 gravis
825 2519 955 2597 mifitat
983 2517 1396 2625 dispensationisoausa.
1415 2519 1540 2596 Matri·-

372 2641 482 2720 monii
503 2643 596 2720 enim
615 2642 863 2721 emolumentis
883 2642 1025 2720 omnino
1045 2642 1208 2721 fraudate
1225 2645 1316 2722 Iulia
1335 2643 1380 2723 oh
1392 2645 1457 2720 riri
1474 2645 1539 2722 im-

372 2765 585 2869 potentiam,
617 2791 688 2844 non
715 2766 793 2844 sine
821 2765 927 2844 istius
949 2767 1068 2871 eulpa,
1089 2767 1224 2872 quippe
1244 2781 1281 2846 et
1301 2781 1385 2846 ante
1413 2769 1539 2846 matri·-

373 2889 533 2968 monium
562 2890 631 2967 iam
659 2903 736 2968 erat
763 2889 925 2995 propriae
953 2889 1161 2992 frigiditatis
1188 2893 1374 2987 oonseiusa
1394 2892 1538 2994 iugibus

374 3015 521 3120 insuper
558 3015 712 3110 iniuriis,
756 3014 979 3094 oontumeliis
1013 3014 1122 3120 atque
1154 3015 1322 3094 eonvioiis
1350 3041 1370 3092 a
1398 3017 1474 3094 uiro
1502 3029 1537 3094 et

375 3165 395 3216 a
421 3164 526 3220 suoru
555 3137 734 3232 lacessita,
765 3152 807 3216 ut
835 3137 907 3217 fere
927 3161 1048 3218 omnes
1068 3153 1181 3218 testes
1201 3140 1402 3218 iuramento
1429 3140 1539 3245 depo-

376 3277 492 3358 nunt3
524 3285 566 3340 ao
594 3261 739 3340 tandem
767 3261 813 3339 ab
841 3262 918 3366 ipso
946 3262 1074 3364 frigido
1102 3266 1177 3340 uiro
1202 3263 1362 3367 repulsa:
1394 3263 1444 3340 nif
1473 3263 1539 3340 mi-

372 3413 453 3466 rum
480 3385 576 3492 quod
605 3386 665 3463 iffa
693 3413 714 3462 a
742 3385 832 3480 viro,
864 3400 900 3465 et
928 3387 1081 3465 rioissim
1110 3386 1168 3464 hie
1195 3387 1241 3464 ab
1269 3411 1379 3466 uxore
1406 3385 1537 3464 nedum

372 3535 519 3616 torpore
559 3509 621 3588 sed
672 3523 708 3587 et
755 3510 872 3607 auimo
923 3511 1073 3590 invieem
1121 3523 1382 3590 averterentur.
1433 3509 1536 3587 Unde

375 3633 519 3727 aoeidit,
542 3646 583 3711 ut
604 3645 679 3710 tum
707 3631 802 3711 inter
829 3657 922 3728 sese,
952 3648 1030 3712 tum
1058 3635 1153 3712 inter
1172 3634 1362 3737 utriusque
1386 3631 1538 3710 familias

374 3756 571 3836 discordiae
599 3755 799 3834 exarserint
827 3757 1013 3850 eiusmodi,
1038 3770 1078 3834 ut
1098 3755 1272 3860 praedicti
1291 3769 1404 3834 testes
1423 3754 1532 3832 etiam

372 3883 554 3960 retineant
583 3877 836 3984 impossibilem
860 3901 941 3957 esse
975 3879 1172 3957 animorum
1192 3877 1531 3958 reconsiliationem.

374 4003 440 4081 His
477 4002 570 4082 adde
605 4025 775 4107 praesens
809 4001 852 4080 de
888 4002 1104 4081 matrimonii
1138 4001 1307 4079 nullitate
1343 3999 1534 4090 iudieinm;

373 4125 620 4232 impotentiam
649 4126 715 4204 viri
744 4125 848 4230 fongo
876 4125 1387 4232 latequeafamavufgatan13
1418 4121 1538 4201 diror-

373 4251 463 4329 tium
492 4249 585 4328 uirili
612 4249 756 4328 deoreto
785 4249 979 4344 firmatum,
1004 4265 1043 4329 ut
1072 4249 1199 4328 asserit
1216 4247 1389 4326 instantis
1408 4251 1536 4325 Orator

368 4373 410 4451 in
436 4399 502 4452 suo
539 4373 736 4478 patroeinio
759 4397 846 4478 pop.
880 4363 928 4453 fd
956 4379 995 4476 g.
1031 4385 1077 4453 15
1106 4373 1150 4452 ad
1184 4373 1314 4450 oafoem
1350 4377 1531 4464 dotomm,
