3446 5298
687 437 862 502 -399-

194 568 369 674 reputari,
402 582 442 647 ut
470 594 601 647 novum
629 568 847 648 domicilium
865 565 1068 671 quaesitum
1088 563 1242 660 dioatur,
1270 565 1362 644 nihil

196 717 279 770 voro
293 691 338 770 do
356 691 416 770 illa
437 693 696 800 praesoriptum
712 692 821 770 luisse
838 717 857 768 a
873 689 1017 769 Consilii
1033 691 1310 791 Congregationo
1326 690 1363 769 in

195 817 350 896 adduota
365 818 485 922 paullo
505 833 588 897 ante
608 817 814 896 delinitione
830 839 939 920 pones
953 819 1177 917 Fagnanum,
1198 813 1363 894 nolumus

197 943 265 1020 hao
293 940 340 1020 do
366 966 404 1019 re
432 941 629 1046 quidquam
658 943 741 1020 novi
770 941 974 1019 deoemero.

275 1065 376 1155 Quod
404 1090 488 1144 vero
516 1091 595 1145 mox
624 1065 818 1171 sequitur.
846 1125 854 1142 .
881 1123 889 1139 .
913 1061 1090 1168 (loquitur
1117 1061 1160 1139 de
1178 1087 1262 1140 cusu
1277 1087 1364 1167 pro-

193 1191 327 1297 posito,
357 1189 399 1268 do
418 1189 760 1276 denuntiationibus,
780 1188 822 1266 ee
842 1186 925 1266 eliis
944 1185 1204 1291 quaestionibus
1224 1187 1360 1289 eto)...

278 1316 409 1392 Datum
445 1317 579 1392 Romae
616 1313 712 1418 apud
749 1312 958 1391 albariam
994 1309 1160 1388 maiorem
1191 1318 1238 1388 19
1268 1335 1363 1388 mar·

201 1441 242 1520 tii
282 1447 396 1530 1758,
418 1437 652 1516 Pontificatus
692 1436 806 1516 nostri
846 1459 940 1513 anno
981 1433 1116 1512 dooimo
1154 1447 1293 1513 oetavo.
1338 1477 1361 1492 -

203 1567 368 1672 Sequitur
396 1567 581 1640 Decretum
610 1585 678 1666 quo
704 1559 855 1638 ascribit
883 1565 994 1638 Breve
1024 1557 1155 1636 Urbani
1188 1563 1279 1636 ΠΗ.

759 1901 814 1988 V.

201 2127 1369 2223 haematinumomasmmopisooposopuoopuuiasquoloouua
1405 2209 1407 2212 ,

247 2235 427 2310 ordinarios
443 2237 481 2310 do
498 2235 792 2328 dspanuonanua
815 2254 911 2328 super
932 2237 1155 2328 impedimento
1176 2236 1299 2312 mixtas
1321 2257 1368 2312 re·

245 2341 380 2436 ligionia
403 2343 506 2437 quoad
526 2343 707 2435 prouisam
728 2345 889 2440 ooniugia.

284 2539 362 2618 Etsi
391 2540 644 2618 Sanatissimus
672 2541 841 2620 Dominus
868 2544 999 2620 Noster
1016 2540 1101 2619 Pius
1119 2545 1183 2620 lx.
1205 2541 1369 2620 Pontifex

206 2663 383 2741 llaximus
411 2663 630 2766 gravissimis
658 2667 776 2744 nausis
803 2665 977 2770 impulsus
1006 2664 1149 2769 aliquod
1177 2665 1371 2744 immutan-

207 2787 292 2865 dum
321 2811 398 2866 essa
426 2788 607 2868 censuerit
635 2788 672 2866 in
692 2789 841 2868 formula
861 2787 1182 2893 dispensationum,
1212 2813 1306 2892 quae
1325 2788 1371 2866 ab

209 2911 277 2989 hao
304 2909 498 3014 apostoliea
527 2911 617 2991 sodo
643 2912 891 2992 oonoeduntur
919 2911 964 2990 ad
980 2912 1091 2990 mixta
1119 2911 1277 2990 ineunda
1296 2937 1372 2989 ma-

210 3035 394 3130 trimonia,
426 3035 537 3115 veluti
566 3036 772 3141 Amplitudo
801 3051 863 3116 tua
891 3062 934 3116 or
972 3037 1111 3116 adieota
1139 3037 1288 3116 lormula
1316 3036 1373 3114 in-

208 3157 365 3260 telliget,
397 3171 516 3236 tamon
544 3158 639 3238 idem
667 3185 827 3238 summus
854 3160 1018 3240 Pontifex
1045 3159 1089 3238 de
1122 3161 1281 3238 universi
1308 3159 1373 3238 do-

208 3282 327 3360 minioi
356 3282 472 3385 gregis
491 3283 624 3378 salute,
641 3284 710 3361 sibi
731 3283 904 3362 divinitus
923 3285 1122 3377 commissa,
1146 3283 1201 3362 vel
1221 3283 1386 3362 maximo

207 3407 381 3485 sollioitus
408 3432 471 3511 pro
499 3407 683 3511 apostolici
712 3407 901 3487 ministerii
920 3409 976 3487 sui
995 3433 1141 3488 munero
1164 3433 1235 3486 non
1252 3421 1373 3512 potest

208 3553 280 3608 non
307 3555 528 3635 summopore
556 3531 733 3610 inouloare
762 3531 925 3610 omnibus
962 3531 1257 3636 nrohiopisoopis,
1289 3529 1375 3634 Epi·

208 3655 338 3758 scopis,
370 3653 521 3758 aliisquo
548 3654 705 3732 locorum
733 3655 945 3752 Ordioariis,
976 3669 1017 3734 ut
1054 3655 1277 3733 sanctissima
1315 3677 1375 3737 on·

210 3776 363 3855 tholioae
392 3777 571 3856 Eoolosiae
598 3777 642 3856 de
671 3778 767 3856 hisoe
795 3780 968 3882 ooniugiis
995 3778 1207 3857 documenta
1235 3777 1374 3880 integra

209 3913 247 3978 ot
267 3898 438 4006 inviolata
454 3900 718 4004 religiosissime
736 3915 938 3980 serventur.
962 3905 1091 3980 Omnes
1110 3901 1204 3980 onim
1223 3912 1371 3993 norunt,

279 4165 371 4234 (1)1n
390 4163 484 4222 luoom
503 4166 560 4222 iam
580 4167 656 4224 edita
676 4167 705 4223 in
726 4165 823 4223 latinis
842 4166 1085 4238 ephemeridibus:
1105 4170 1312 4224 Aetosonetoe
1329 4165 1376 4220 Se·

211 4255 259 4313 din
276 4261 330 4312 eto.
358 4253 413 4310 ool.
428 4257 559 4328 v1‚pop.
574 4253 754 4328 meetaeqq.
771 4259 851 4314 Nune
869 4263 962 4314 autem
983 4257 1105 4315 habetur
1122 4263 1150 4314 et
1169 4255 1199 4312 in
1218 4255 1265 4312 cit.
1286 4252 1375 4310 colte-

211 4351 314 4400 eloneo
332 4343 372 4400 nd
390 4357 476 4400 mum
493 4344 644 4402 Soeietutio
668 4344 839 4402 lliosionnm
863 4345 904 4404 od
927 4353 1042 4415 auteres,
1064 4363 1095 4404 n.
1109 4347 1173 4412 907,
1190 4359 1261 4417 paq.
1276 4343 1330 4401 398
1349 4349 1377 4402 ot

211 4447 287 4505 seqq.
302 4431 369 4489 edit.
386 4431 503 4490 Parisiis
516 4433 593 4490 1880.
