3444 5302
648 459 783 521 ..3-

215 615 235 659 a
268 595 323 664 3⁰.
354 586 469 694 Stirps
498 601 648 690 cognata
676 589 731 667 vel
761 589 893 684 affinia,
915 588 1093 693 sponsalis
1114 587 1302 684 honestam

218 737 238 783 ‹
271 716 323 788 4⁰.
354 712 483 816 Dispar
503 712 621 790 cultus
640 725 676 790 et
694 711 780 792 ordo
798 737 921 806 sacer,
945 707 1117 817 professio
1137 710 1299 806 claustri,

215 861 237 904 ‹
268 837 375 912 Stans
403 833 552 930 foedus,
593 836 647 914 rel
676 835 940 916 clandestinum
977 831 1012 914 ot
1049 833 1198 913 crimina
1217 832 1303 911 bina

219 989 238 1032 a
270 957 475 1065 Impediunt
503 985 656 1066 semper,
687 960 931 1066 dirimuntque
960 959 1092 1064 iugalia
1115 957 1246 1037 vincia.

601 1231 775 1320 OAPU'P
808 1233 839 1317 I.

284 1457 333 1538 [te
361 1455 612 1560 impedimentis
640 1458 889 1542 matrimonium
917 1455 1154 1538 dirimentibus

499 1603 542 1664 er
569 1583 707 1664 tetooto
736 1603 945 1664 comentur.

562 1815 819 1894 turrentes
847 1817 878 1892 Ι.

471 1987 515 2062 De
538 1987 762 2082 inpedimento
786 1989 826 2062 ab
850 2005 970 2061 errore·

222 2212 259 2280 t.
291 2205 344 2280 Ex
375 2200 517 2280 deiectu
550 2225 745 2280 cousensus
777 2201 1040 2282 matrimonium
1073 2200 1207 2280 dirimit
1237 2207 1329 2280 Er·-

141 2351 224 2414 ror,
252 2349 325 2404 non
351 2323 495 2430 quidem
524 2324 626 2420 iuris,
657 2323 720 2404 sed
747 2323 863 2429 fortir
881 2349 953 2404 non
980 2323 1224 2419 accidentalis,
1247 2323 1309 2402 sed

140 2448 405 2529 substantiolis.
436 2448 577 2528 Scilicet
610 2448 765 2528 naturali
800 2441 905 2528 etiam
934 2452 1011 2528 iure
1046 2449 1308 2528 matrimonium

141 2574 263 2654 irritat
290 2597 401 2668 error,
432 2598 544 2679 quum
570 2597 741 2678 persona,
777 2597 857 2651 cum
889 2599 961 2678 qua
988 2573 1071 2679 quis
1103 2572 1307 2676 coniugium

138 2697 337 2791 contrahit,
360 2695 429 2774 alia
457 2711 512 2776 cst
530 2721 638 2802 quam
666 2696 742 2802 ipso
769 2709 888 2802 putat.
911 2701 1068 2802 Excepto
1088 2697 1181 2774 enim
1205 2721 1304 2788 casu,

141 2847 216 2929 quo
243 2824 326 2928 quis
352 2820 563 2900 contrahere
592 2820 678 2900 velit
704 2845 785 2899 cum
817 2845 988 2925 persona,
1026 2821 1083 2899 cui
1111 2819 1216 2900 fidem
1248 2819 1311 2899 dat

139 2969 390 3053 quaecumque
422 2945 564 3024 demum
592 2971 633 3023 ea
661 2944 722 3039 sit,
745 2943 951 3050 praedictus
979 2969 1077 3022 error
1098 2967 1309 3022 consensum

141 3069 349 3175 impeditio
368 3067 606 3147 substantiam
625 3081 844 3162 contractum
869 3067 1033 3146 videlicet
1062 3067 1099 3144 in
1124 3091 1311 3171 personam

139 3217 224 3271 cum
252 3218 324 3297 qua
352 3191 576 3270 contrahitur
604 3191 619 3297 (
647 3191 678 3296 ).

226 3323 265 3393 2.
297 3313 333 3392 si
365 3327 485 3395 autem
522 3340 620 3393 error
652 3314 689 3392 in
721 3316 777 3394 ius
810 3313 934 3409 cadat,
973 3315 1028 3394 rel
1065 3317 1103 3392 in
1140 3337 1312 3419 personae

142 3437 356 3543 qualitatem
389 3465 452 3528 seu
490 3437 711 3534 accidentia,
751 3439 1014 3518 matrimonium
1049 3465 1120 3518 non
1161 3439 1309 3518 dirimit.

142 3561 256 3640 Adest
284 3563 378 3640 enim
407 3561 594 3641 absolutus
621 3587 814 3642 consensus
842 3563 879 3641 in
914 3589 1100 3672 personam
1134 3589 1213 3643 cum
1241 3589 1313 3668 qua

139 3683 382 3779 contrahitur,
419 3685 455 3762 in
490 3684 666 3766 obiectum
699 3711 825 3792 nempe
858 3687 1032 3766 directum
1070 3713 1111 3766 ac
1144 3686 1314 3766 snbstan-

141 3806 232 3887 tiale
261 3808 370 3887 huius
397 3823 615 3889 contractus.
648 3810 739 3890 Hinc
759 3811 838 3890 initi
868 3812 1084 3892 matrimonii
1103 3825 1176 3892 stat
1197 3811 1310 3906 valor,

142 3929 311 4036 quamvis
338 3955 487 4036 prauum
514 3935 596 4038 quis
624 3933 755 4012 habeat
783 3935 872 4014 iuris
904 3961 1056 4015 errorem
1085 3935 1203 4040 quoad
1240 3961 1315 4014 ma-

145 4051 307 4133 trimonii
336 4053 598 4151 substantiam,
634 4071 675 4138 ut
702 4058 734 4136 si
765 4061 847 4163 quis
881 4059 1105 4139 acatholica
1142 4057 1314 4138 aher'rans

139 4177 336 4274 doctrina,
375 4193 540 4275 censeat,
581 4181 784 4284 coniugium
825 4182 871 4261 ob
908 4183 1116 4263 alterutrius
1154 4183 1317 4286 coniugis

220 4370 261 4446 (1)
275 4373 370 4430 Gauro
387 4377 432 4431 ta.
451 4380 561 4446 quom.
584 4379 615 4436 tr
635 4381 660 4432 et
678 4389 743 4446 cop.
763 4381 819 4431 toa
836 4387 888 4431 aco
907 4379 950 4443 to,
967 4373 1240 4448 aemmorrousae
1252 4389 1318 4433 mo·

141 4459 302 4520 arimonio.
