3456 5300
703 503 740 518 ..
761 469 800 533 69
822 501 859 515 ..-

198 604 292 670 esset
310 593 573 674 matrimonium
593 596 632 672 ia
660 620 763 674 sensa
781 592 957 673 Ecclesiae
984 591 1258 678 clandestinam,
1279 591 1363 671 oriri

198 729 315 820 posset
334 742 377 795 en
398 743 439 797 eo
458 719 616 798 iustitiae
637 717 800 824 publicae
829 716 1028 798 honestatis
1053 716 1359 822 impedimentum.

275 847 391 946 Atque
433 868 476 921 ex
506 843 610 922 dictis
638 843 707 921 iam
751 842 939 921 videbatur
971 840 1055 920 oriri
1086 866 1156 919 non
1197 865 1316 948 posse.
1339 885 1362 900 -

200 961 405 1045 Confirmari
435 965 469 1044 id
500 980 618 1046 autem
648 967 793 1072 aiebant
824 967 878 1044 vel
902 973 948 1044 'ex
978 991 1019 1044 eo
1047 964 1143 1070 quod
1171 965 1364 1044 clandesti-

201 1115 284 1168 num
313 1090 517 1194 coniugium
537 1093 706 1172 constitui
726 1105 820 1170 certe
840 1091 1006 1194 nequiret
1026 1090 1071 1166 ab
1091 1103 1240 1170 externa
1261 1103 1363 1169 actus

199 1215 313 1295 civilis
342 1215 468 1314 lorma,
500 1243 592 1324 quae
612 1245 677 1299 nec
705 1218 875 1298 directam
905 1241 969 1296 nec
989 1217 1224 1296 necessariam
1253 1217 1364 1296 babet

197 1329 451 1422 connexionem
470 1369 549 1423 cum
578 1346 718 1423 interno
738 1368 913 1422 consensu
942 1340 1175 1422 contrahendi
1195 1340 1238 1420 de
1259 1365 1363 1448 prae-

160 1547 165 1556 ,
197 1467 305 1562 senti,
337 1465 407 1546 imo
435 1469 648 1572 regulariter
675 1466 848 1548 eiusmodi
876 1491 1088 1546 consensum
1117 1466 1289 1562 excludit,
1320 1493 1362 1546 ac

196 1603 382 1697 propterea
424 1591 519 1672 dicta
549 1593 658 1671 lomna
700 1619 780 1672 cum
809 1617 891 1670 vero
919 1591 1142 1670 matrimonio
1183 1591 1361 1672 celebrato

195 1715 249 1794 vel
279 1741 358 1794 mox
388 1717 601 1796 celebrando
627 1719 734 1824 plane
762 1717 940 1796 consistit.
972 1721 1081 1796 Secus
1101 1719 1194 1796 enim
1222 1718 1359 1797 ratione

194 1841 325 1922 lormae
353 1845 548 1924 tenendum
576 1845 680 1940 foret,
712 1845 812 1924 illum
840 1855 958 1922 actum
987 1844 1124 1923 civilem
1153 1869 1230 1923 esse
1269 1869 1361 1924 sem-

192 1991 255 2072 per
296 1969 558 2048 matrimonium
599 1969 876 2064 olandestinum,
921 1967 1017 2073 quod
1055 1994 1156 2047 nemo
1193 1969 1359 2050 cordatus

195 2091 414 2174 admitteret.
434 2095 526 2174 Hinc
544 2095 808 2174 matrimonium
827 2094 1088 2174 clandestinum
1103 2097 1140 2173 in
1159 2096 1203 2174 iis
1219 2109 1359 2176 tantum

195 2215 338 2296 casibus
358 2217 500 2296 omnino
520 2219 715 2298 rarioribus
734 2245 797 2326 per
821 2219 959 2298 civilem
989 2219 1085 2298 illam
1110 2221 1358 2300 caerimoniam

193 2341 400 2438 baberetur,
425 2343 461 2421 in
481 2343 613 2448 quibus
632 2358 779 2446 agentes
794 2343 1022 2422 intenderent
1041 2371 1164 2424 verum
1179 2345 1358 2428 celebrare

107 2509 112 2520 ·
189 2467 411 2570 coniugium3
453 2495 494 2546 ac
532 2467 679 2573 proinde
719 2470 979 2548 matrimonium
1023 2469 1283 2554 clandestinum
1321 2477 1358 2555 in

186 2591 330 2670 casibus
359 2592 636 2698 particularibus
664 2593 709 2672 ab
739 2593 936 2673 intentione
965 2607 1001 2673 et
1028 2595 1213 2704 voluntate
1253 2597 1356 2678 unice

189 2716 361 2820 penderet
405 2717 601 2820 agentium,
633 2733 728 2797 esset
770 2719 961 2814 occultum,
1006 2718 1071 2796 soli
1114 2721 1186 2799 Deo
1215 2734 1353 2817 notum,

188 2855 297 2945 atque
330 2841 401 2919 talc
431 2854 470 2920 nt
499 2868 619 2921 omnes
653 2841 740 2921 iuris
770 2841 1077 2948 praesumptiones
1105 2857 1226 2922 contra
1265 2843 1354 2924 illud

188 2965 447 3070 conspirarent.

268 3091 377 3169 Porro
405 3115 445 3168 ex
476 3093 701 3170 matrimonio
730 3091 952 3170 clandestino
980 3090 1114 3169 occulto
1142 3095 1268 3198 nequit
1291 3097 1357 3172 im·

187 3213 432 3320 pedimentum
461 3217 627 3322 publicae
656 3216 856 3295 honestatis
886 3217 985 3311 oriri,
1021 3242 1113 3321 quae
1141 3221 1180 3296 in
1208 3229 1357 3300 esterno

187 3339 365 3418 humanae
394 3341 572 3445 opinionis
600 3339 761 3418 decentio
789 3339 980 3434 consistit,
1030 3353 1068 3418 ut
1109 3365 1152 3419 cx
1186 3341 1355 3424 decretali

186 3463 338 3567 Eugenii
367 3464 505 3543 eruitur
534 3465 594 3568 (t)
623 3491 664 3542 ac
692 3463 821 3543 docent
848 3466 993 3569 passim,
1011 3467 1178 3544 Doctores
1208 3467 1282 3572 (2).

268 3595 331 3665 18.
364 3585 515 3667 Solidior
544 3601 661 3667 autem
691 3601 769 3667 erat
805 3587 975 3667 diluenda
1021 3589 1112 3668 ratio
1154 3615 1217 3668 seu
1260 3591 1355 3671 diffi-

184 3713 316 3806 cultas,
348 3737 455 3817 quam
484 3715 682 3791 contrariae
711 3715 911 3792 sententiae
939 3712 1082 3817 patroni
1102 3711 1282 3792 ducebant
1308 3739 1351 3796 en

183 3837 289 3945 praxi
319 3837 512 3934 Ecclesiae,
544 3865 636 3944 quae
665 3835 925 3917 civilio'etiam
953 3839 1178 3916 matrimonia
1223 3863 1353 3918 sonare

185 3965 224 4043 ic
254 3963 375 4043 codice
402 3965 506 4044 solet.
525 3966 627 4044 -Cni
656 3963 862 4044 difficultati
890 3963 1189 4070 respondebant,
1222 3963 1353 4045 distin-

185 4088 367 4194 guendum
396 4115 474 4168 esse
504 4089 597 4169 inter
627 4089 825 4191 generalem
855 4089 1013 4192 regulam
1045 4100 1080 4166 ct
1122 4113 1225 4168 casus
1268 4115 1352 4194 par-

256 4301 295 4376 ll)
315 4305 383 4374 Cap.
402 4304 516 4361 taccam
534 4309 560 4360 3.
582 4304 616 4360 de
632 4301 817 4375 apottsetc'bus
835 4309 861 4359 ct
878 4301 1079 4359 mariammes.
1328 4357 1332 4366 ,

255 4389 293 4463 (2)
313 4393 346 4446 v.
368 4393 494 4450 Sanchez
513 4391 548 4448 de
568 4391 692 4448 matrim.
716 4391 766 4448 ttb.
789 4398 814 4445 ⁷.
835 4392 911 4464 disp.
932 4397 978 4448 68.
997 4405 1027 4446 a.
1050 4395 1094 4457 lc:
1108 4421 1127 4431 -
1142 4391 1287 4449 Pitonium
1306 4391 1351 4449 dt·

184 4495 256 4552 περ.
276 4481 339 4538 eccl.
360 4486 405 4537 62.
424 4497 455 4539 a.
477 4487 510 4538 96
525 4487 550 4538 ct
568 4495 643 4553 seqq.
