3424 5300
660 491 836 554 -tttt-

170 617 333 721 coniugia
362 616 408 698 ab
441 615 668 698 orientalium
702 615 835 696 rituum
869 611 1035 694 fidelibus
1067 613 1259 694 celebrata.
1294 620 1339 694 dt

170 743 250 838 hoc,
272 743 368 850 quod
388 742 511 838 sciam,
534 741 691 823 nondum
719 740 979 850 praestiterunt
1007 739 1116 820 huius
1134 740 1335 822 sententiae

168 867 329 974 patroni;
358 869 447 974 quin
476 867 544 948 imo
572 892 614 947 en
645 865 733 973 ipsis
761 863 1005 946 Orientalibus
1032 863 1093 944 alii
1121 867 1335 946 eontrarium

171 1004 294 1073 tenent
322 993 537 1072 sententiam
564 992 639 1098 (l).

587 1193 842 1320 rnrrcunus
869 1243 911 1318 v.

170 1470 214 1548 ue
228 1469 454 1566 inpedimento
468 1471 601 1547 tauron
612 1470 788 1564 omnum,
805 1471 933 1547 eoidoet
947 1469 1100 1548 unalterii
1117 1472 1152 1548 et
1166 1470 1337 1546 homicidii.

253 1733 288 1803 t.
320 1725 395 1803 Hoc
422 1723 735 1830 impedimentum,
772 1723 1003 1804 ecclesiastico
1039 1727 1119 1806 iure
1156 1729 1340 1807 matrimo-

170 1850 268 1928 nium
296 1845 481 1943 dirimens,
513 1847 689 1954 quidquid
709 1848 756 1928 sit
775 1847 819 1928 de
838 1849 932 1929 civili
960 1875 1105 1930 romano
1124 1851 1199 1957 (ᾖ),
1221 1864 1256 1932 et
1276 1839 1338 1932 ve-

171 1971 237 2050 teri
264 1971 433 2052 canonino
461 1972 539 2052 iure
567 1974 641 2077 (3),
661 1997 704 2052 er
720 1971 860 2054 duobus
888 1973 1096 2054 criminibus
1110 1974 1283 2056 adulterii
1301 1989 1337 2056 et

171 2093 366 2182 lomieidii,
396 2095 525 2202 triplex
553 2110 622 2194 est,
653 2121 718 2176 seu
745 2097 783 2176 in
812 2097 928 2176 tribus
955 2098 1190 2180 oasibusesse
1218 2113 1336 2204 potest

171 2217 238 2299 sub
265 2218 359 2298 datis
386 2219 659 2310 conditionibus,
687 2235 729 2301 ut
755 2221 894 2302 eruitur
912 2247 956 2302 er
985 2223 1028 2304 iis
1056 2249 1148 2330 quae
1176 2223 1337 2304 decreta-

169 2341 256 2424 lium
270 2343 348 2424 iure
367 2344 560 2426 traduntur
576 2345 650 2450 (l).
669 2391 693 2406 -
710 2345 851 2426 Scilicet
868 2352 902 2426 1⁰
921 2347 1035 2438 solum
1055 2347 1289 2444 adulterium;
1311 2393 1335 2410 -

173 2479 210 2551 2⁰
228 2471 340 2552 solum
360 2473 519 2578 coniugis
536 2471 781 2570 homicidium;
799 2517 823 2534 -
839 2481 877 2554 3⁰
891 2487 1098 2580 utrumque,
1121 2473 1335 2554 adulterium

172 2621 294 2704 nempe
322 2597 428 2678 simul
456 2613 493 2680 et
520 2596 763 2678 homicidium.
795 2601 923 2704 ltaque
952 2599 1205 2706 inquirendum

696 2833 735 2932 §-
770 2841 806 2910 1.

318 3011 373 3085 Ao
400 3017 434 3085 et
460 3005 602 3112 quondo
629 3003 780 3086 dirimet
807 3006 921 3088 selum
948 3005 1180 3086 adulterium.

248 3227 286 3300 Ξ.
319 3215 541 3300 Adulterium
560 3219 696 3324 absque
715 3219 904 3302 homicidio
923 3219 1058 3302 dirimit
1072 3223 1335 3306 matrimonium

170 3345 200 3426 si
228 3358 301 3426 tres
328 3359 543 3426 concurrant
570 3345 805 3426 conditiones.
838 3347 1048 3452 Requiritur
1075 3347 1224 3428 scilicet:

249 3473 388 3558 Primo,
417 3483 458 3550 ut
485 3471 701 3550 adulterium
729 3472 776 3551 sit
809 3497 948 3560 verum,
976 3473 1145 3579 formale,
1174 3500 1333 3554 cousum-

169 3608 320 3678 metum.
356 3600 400 3676 llt
428 3595 573 3702 quidem
605 3609 646 3676 ut
671 3596 721 3678 sit
748 3623 872 3678 oerum
905 3597 1140 3697 adulterium,
1171 3601 1264 3682 idest
1292 3615 1333 3679 nt

168 3738 319 3829 uterque
346 3723 401 3801 vel
421 3723 546 3802 saltem
574 3721 748 3803 alteruter
774 3723 966 3804 lornieator
994 3725 1218 3806 matrimonio
1247 3725 1335 3830 legi-

237 3971 273 4048 (1)
293 3975 335 4031 Ex
353 3970 573 4045 rappoztttgyt
594 3974 614 4032 t.
634 3988 657 4030 e.
677 3974 708 4046 8.
730 3979 790 4032 dtu.
809 3989 881 4048 peu.
902 3981 963 4032 tot.

237 4057 273 4130 (2)
293 4061 355 4130 leq.
383 4062 427 4114 tt.
446 4056 476 4128 S.
504 4063 547 4116 tt.
568 4065 596 4116 et
616 4059 669 4132 top.
700 4065 742 4117 ee.
770 4059 863 4133 sled
882 4061 936 4133 lep.
956 4059 1017 4118 Iul.
1045 4061 1079 4118 de
1105 4059 1255 4127 adultam,
1279 4063 1331 4118 Ne·

167 4145 218 4204 uel.
237 4150 299 4202 256.
320 4159 383 4218 cop.
405 4150 432 4202 7.

236 4234 275 4308 (3)
295 4236 367 4293 Cea.
388 4240 414 4292 l.
434 4240 459 4293 et
477 4241 503 4289 2.
524 4251 601 4294 cour.
622 4241 668 4294 et.
688 4253 717 4312 q.
739 4243 765 4294 t.

236 4325 279 4398 (t)
297 4325 345 4384 Clr
364 4326 530 4396 praesertim
549 4325 602 4384 lte.
632 4332 658 4382 t.
685 4326 732 4385 tte.
759 4331 786 4384 7.
812 4327 846 4384 de
868 4326 978 4401 ecqui
1001 4327 1086 4387 ducit
1111 4327 1146 4384 e'a
1168 4326 1331 4388 matrime-

168 4415 263 4482 otum,
285 4429 376 4487 quum
393 4413 503 4486 pottutt
523 4429 575 4486 per
600 4415 799 4479 eduttmtumr
814 4419 880 4474 -Et
903 4417 955 4476 lte.
975 4421 1003 4474 u.
1025 4417 1071 4474 tte.
1095 4421 1140 4474 et.
1163 4417 1199 4472 De
1217 4429 1330 4475 conver·

168 4507 247 4566 ricne
263 4504 442 4578 infidelium,
464 4519 528 4577 cup.
550 4511 575 4564 t.
597 4505 789 4565 munatium.
