3424 5300
862 501 898 516 -
923 467 980 533 iso
1002 501 1040 516 -

374 593 560 699 epistolae,
592 593 819 702 syngraphae
848 593 988 698 aliaque
1017 593 1235 674 huiusmodi.
1268 599 1374 674 Porro
1402 597 1433 674 si
1461 621 1540 701 pro-

373 719 473 799 batio
501 743 564 824 per
593 719 800 799 authentica
830 719 892 798 fiat
924 719 1102 800 litteraria
1132 719 1386 815 instrumenta,
1417 744 1451 798 e.
1484 744 1536 822 gr.

373 845 411 923 in
443 842 697 949 impedimento
734 844 1079 948 consanguinitatis,
1119 845 1302 949 praevalet
1339 842 1540 950 probationi

374 993 437 1074 per
466 979 577 1050 testes
604 967 738 1066 lacmc3
775 968 871 1048 unde
898 969 988 1048 illud
1016 967 1107 1048 iuris
1137 969 1369 1074 principium:
1410 973 1541 1045 Contra

373 1091 617 1172 authenticum
644 1091 799 1174 litterate
825 1093 1119 1178 instrumentum,
1157 1091 1353 1178 humanum
1381 1116 1449 1168 non
1477 1089 1542 1168 ud·

373 1216 532 1296 mittitur
547 1219 806 1305 testimonium,
818 1217 863 1298 ob
883 1213 1207 1324 praesumptionem
1228 1217 1318 1296 iuris
1335 1214 1429 1296 etde
1444 1217 1535 1310 iure,

374 1369 466 1450 quae
495 1343 724 1424 euidentibus
753 1357 894 1424 tanturn
923 1341 1142 1446 argumentis
1175 1353 1294 1448 potest
1321 1341 1434 1422 everti
1462 1339 1535 1448 (t).

375 1471 443 1550 Sed
481 1469 525 1548 de
562 1469 736 1550 eiusmodi
777 1467 975 1556 codicibus,
1008 1467 1217 1573 praesertim
1254 1464 1536 1573 parochialibus,

377 1594 484 1698 plura
510 1593 605 1674 inira
631 1593 811 1674 habentur
840 1595 856 1698 (
885 1593 914 1696 ).

454 1727 493 1796 o.
529 1717 687 1800 Tertium
714 1717 966 1823 probationum
994 1741 1107 1819 genus
1134 1715 1369 1821 suppeditant
1394 1714 1536 1794 testium

374 1841 618 1947 depositiones.
641 1846 811 1922 -Testes
836 1841 874 1920 in
902 1865 1031 1944 genere
1058 1839 1176 1920 idonei
1203 1864 1281 1920 esse
1309 1839 1455 1934 debent,
1479 1865 1540 1918 sen

375 1963 525 2070 lepitimi
553 1979 589 2045 et
625 1967 760 2071 mtepri.
784 1964 829 2044 ad
858 1963 1060 2044 testimonia
1098 1961 1258 2058 terenda,
1294 1986 1422 2068 nempe
1449 1963 1543 2042 eius·

374 2091 471 2172 modi
498 2091 575 2196 qui,
607 2117 651 2172 eo
676 2116 753 2196 quo
776 2089 994 2170 adhibentur
1023 2103 1195 2196 tempore,
1213 2089 1311 2173 nulla
1339 2102 1475 2193 queant
1492 2086 1541 2166 le-

375 2217 505 2323 pitr'mu
532 2243 554 2293 a
581 2215 806 2298 testificando
836 2214 1042 2321 receptione
1066 2214 1208 2321 repelli,
1240 2241 1281 2294 ac
1308 2213 1388 2294 ideo
1415 2214 1542 2319 quiet

376 2341 513 2423 serendi
541 2341 787 2422 testinnonium
812 2352 1026 2445 potestatem
1055 2339 1227 2436 habeant,
1250 2339 1394 2420 etomni
1414 2353 1540 2420 vacent

376 2466 597 2572 suspitione:
629 2491 702 2547 uno
731 2463 838 2544 verbo
864 2464 929 2570 qui
938 2467 1077 2570 possint
1091 2479 1128 2546 et
1142 2464 1253 2546 uelint
1280 2466 1467 2546 ueritatem
1486 2465 1540 2544 di—

375 2614 468 2670 cere.
492 2593 659 2668 -Testes
686 2601 806 2668 autem
834 2588 933 2668 omni
961 2591 1163 2696 inreptione
1189 2589 1342 2669 maiores
1372 2590 1540 2670 dicuntur

376 2715 427 2796 illi
457 2714 501 2794 de
528 2739 680 2820 quorum
708 2714 904 2794 assertione
932 2717 1080 2821 qnaeris
1108 2716 1192 2795 oriri
1212 2731 1369 2822 nequeat
1396 2717 1542 2796 dubita·

375 2841 439 2934 tio,
470 2837 606 2945 quippe
630 2837 727 2943 quod
755 2837 987 2919 intemeratae
1015 2839 1204 2946 probitatis
1232 2842 1318 2937 sint
1350 2855 1387 2920 et
1413 2868 1434 2920 a
1462 2867 1543 2948 per·

377 2963 470 3045 iuria
507 2961 743 3044 abhorreant.
783 2965 875 3042 ilinc
906 2964 988 3069 plns
1025 2963 1161 3070 aliquid
1199 2963 1400 3070 significant
1434 2991 1541 3072 quarn

375 3101 492 3170 testes
514 3088 722 3195 simpliciter
741 3086 873 3176 iborea,
893 3113 959 3168 seu
977 3089 1040 3195 qui
1054 3089 1212 3194 legitima
1231 3115 1303 3170 non
1321 3089 1541 3196 repellantur

377 3212 586 3317 exceptione
615 3213 631 3316 (
659 3210 690 3317 ).

459 3347 522 3418 eo.
554 3336 783 3439 Regulariter
811 3335 855 3416 ad
884 3335 1026 3441 plenam
1053 3335 1163 3416 fidem
1195 3336 1394 3418 taciendam
1422 3337 1543 3444 requi·

377 3475 506 3542 runtur
525 3462 647 3568 plures
666 3487 773 3566 quarn
792 3485 887 3540 unus
906 3462 1024 3554 testis,
1046 3462 1096 3540 ita
1116 3475 1158 3540 ut·
1172 3462 1275 3542 testis
1290 3463 1398 3542 nnius
1417 3489 1544 3569 quent·

377 3593 431 3670 ris
459 3589 578 3670 idonei
607 3587 849 3668 testimonium
877 3587 1018 3693 plenam
1044 3611 1119 3666 non
1145 3590 1266 3694 pariat
1291 3589 1410 3685 fidem,
1434 3603 1541 3695 atque

377 3715 465 3795 ideo·
485 3713 679 3794 satis'non
703 3715 750 3792 sit
778 3711 822 3794 ad
851 3711 1009 3792 cuiusuis
1036 3711 1249 3794 decisionem
1277 3739 1420 3794 causae.
1451 3713 1544 3794 ilinc

448 3956 491 4034 (it
507 3961 574 4030 cap.
594 3972 662 4017 omn
679 3959 805 4016 ibamus.
820 3961 862 4026 to,
879 3956 914 4014 de
930 3955 987 4029 tide
997 3957 1274 4027 instrumentorum,
1289 3957 1339 4018 ubi
1350 3958 1541 4020 conditionata

375 4047 504 4106 venditio
524 4048 661 4119 probatur
682 4057 732 4120 per
750 4053 837 4104 testes
849 4054 954 4128 contra
975 4047 1210 4106 instrumentum.
1371 4057 1375 4066 ·

448 4135 485 4208 (i)
505 4140 542 4192 in·
559 4136 710 4209 bisceptat.
729 4136 766 4192 θ’.
787 4133 823 4192 de
838 4134 1028 4193 matrimonii
1045 4135 1189 4194 umilitate
1204 4151 1240 4194 err
1254 4136 1461 4210 impedimento
1479 4151 1543 4194 mn·

378 4224 615 4298 conputatores..

448 4313 559 4371 videsis
578 4311 664 4370 etiam
689 4315 826 4372 tinctores
846 4312 877 4370 in
900 4312 1098 4372 Decretulium
1116 4311 1169 4370 lib.
1189 4319 1216 4372 2.
1237 4314 1284 4372 ttt.
1306 4321 1350 4374 22.
1369 4315 1404 4374 de
1421 4314 1477 4387 ida
1493 4313 1540 4371 in·

379 4409 626 4463 strumentorum.
1361 4473 1362 4478 γ

447 4491 487 4566 (tit
507 4492 555 4550 etr
573 4492 749 4552 teureniunr
768 4489 820 4549 tto.
840 4497 868 4550 t.
889 4491 935 4550 tit.
955 4495 1000 4552 to.
1019 4497 1131 4564 quaest.
1152 4497 1216 4550 too.
