3456 5300
674 417 851 481 -tut-

173 543 294 622 nandi.
327 547 417 622 Dum
445 541 538 620 enim
558 567 667 648 penes
687 547 798 622 Deum
817 557 873 623 est
891 542 1128 622 humanorum
1155 565 1341 647 eorporum

174 667 384 764 dominium,
416 665 533 772 potuit
561 666 702 746 illorum
729 693 848 763 usum,
880 666 925 746 ad
957 667 1219 746 matrimonium
1243 664 1341 772 quod

172 794 319 887 attinet,
351 791 418 868 hoo
446 789 502 869 rel
522 790 585 870 illo
601 790 705 871 modo
724 789 931 871 oeneedere.
957 797 1071 896 Atque
1089 789 1139 868 ita
1153 803 1342 896 postquam

173 916 284 994 semel
311 914 486 994 ooneessit
514 914 654 994 illorum
682 927 896 1022 potestatem
924 913 962 993 in
991 913 1115 994 ordine
1134 913 1179 992 ad
1194 935 1350 1018 genera-

175 1039 307 1118 tionem
335 1037 452 1118 medio
488 1049 628 1118 tantum
661 1039 825 1142 ooniugio
856 1037 965 1118 unius
1002 1063 1082 1116 eum
1114 1063 1186 1116 una
1213 1037 1258 1117 olo
1286 1063 1344 1117 re-

173 1162 313 1240 eensita
341 1149 574 1258 inodmmoda,
606 1164 723 1266 potuit
749 1161 982 1240 nihilominus
1010 1161 1092 1241 dein
1120 1161 1339 1268 permittere,

176 1299 217 1365 ut
244 1287 300 1365 vir
318 1311 356 1366 se
376 1285 560 1365 dimidiato
579 1285 727 1366 euilibet
745 1289 846 1366 uxori
862 1283 1034 1380 truderet,
1053 1309 1162 1365 uxore
1181 1283 1342 1390 qualibet

176 1413 316 1514 integre
343 1435 381 1489 se
410 1410 575 1490 tradente
604 1412 679 1488 viro
707 1415 721 1514 (
750 1409 781 1516 ).

258 1547 295 1616 5.
327 1539 489 1614 Ceterum
517 1547 652 1614 eertum
680 1547 748 1630 est,
784 1534 914 1614 dietam
947 1536 1248 1642 dispensationem
1276 1541 1341 1614 seu

173 1661 438 1740 concessionem
452 1659 608 1766 plurium
635 1683 785 1737 urorum
812 1683 970 1740 eossasse
988 1685 1008 1738 a
1028 1661 1104 1765 lege
1123 1661 1339 1765 evangeliea,

173 1809 262 1889 qua,
295 1797 335 1861 ut
355 1807 470 1888 nuper
490 1781 716 1876 dictumest,
736 1782 898 1862 Christus
912 1783 1175 1863 matrimonium
1204 1783 1249 1861 ad
1269 1783 1345 1888 prti-

176 1932 337 1988 maetam
364 1909 420 1987 sui
457 1910 720 1988 institutionem
760 1907 915 1988 redusit.
938 1909 1085 1990 -Unde
1113 1922 1148 1988 et
1173 1907 1341 1988 infideles

176 2034 223 2114 ad
251 2033 356 2114 fidem
375 2035 549 2130 eonversi,
573 2035 603 2114 si
623 2034 746 2142 plures
764 2031 899 2114 habent
918 2063 1060 2133 uxoreo,
1079 2035 1227 2141 eogendi
1241 2047 1339 2130 sunt,

177 2172 219 2237 ut
246 2159 327 2238 aliis
355 2158 525 2254 dimissis,
544 2159 657 2238 solum
677 2160 826 2266 primam
844 2160 1038 2264 legitimam
1057 2164 1236 2241 retineant
1255 2183 1345 2238 nno·

178 2307 267 2379 rem,
296 2283 392 2390 quod
420 2307 587 2391 expresse
614 2283 742 2362 delinit
767 2286 999 2365 lnnooentius
1026 2289 1080 2366 ΙΙΙ
1108 2288 1180 2388 (2).

260 2414 297 2484 6.
329 2409 437 2485 Porro
452 2407 521 2486 iam
541 2407 649 2486 otiam
669 2413 764 2513 Papa
783 2411 820 2487 in
837 2407 1036 2516 polygamia
1055 2433 1099 2487 er
1118 2408 1217 2486 nulla
1236 2423 1344 2486 eausa

176 2529 386 2636 dispensare
414 2543 546 2635 potest,
569 2553 648 2610 oum
663 2545 823 2638 potestas
851 2533 912 2612 illa
927 2534 959 2612 ei
979 2533 1153 2613 aChristo
1180 2552 1345 2612 ooneeeea

178 2679 250 2732 non
278 2653 338 2749 sit,
371 2679 435 2734 nee
462 2655 536 2734 ulla
565 2655 675 2736 huius
702 2657 939 2736 eoncessionis
972 2657 1205 2762 eongruentia
1233 2679 1347 2762 appa-

179 2789 256 2855 reat
285 2775 359 2884 (3).

259 2911 297 2980 7.
329 2901 525 2982 Deducitur
552 2905 659 2983 etiam
688 2927 731 2981 er
760 2901 878 2998 dietis,
902 2903 999 2982 nulla
1019 2901 1278 2982 consuetudine
1292 2900 1346 2979 el-

180 3025 234 3106 liei
264 3051 367 3132 posse
395 3025 529 3105 linitam
558 3051 709 3106 uxorum
737 3025 992 3131 pluralitatem,
1023 3029 1107 3131 quia
1136 3026 1237 3105 nulla·
1262 3049 1347 3105 oon·

178 3149 334 3229 suetudo
361 3148 430 3227 iuri
459 3147 581 3229 divino
609 3161 644 3229 et
663 3149 819 3229 naturali
839 3148 1009 3253 derogare
1028 3162 1159 3256 potest,
1183 3148 1245 3228 sed
1265 3159 1349 3226 tun-

180 3287 257 3352 tum
285 3273 443 3352 humano
472 3273 486 3378 (
514 3275 545 3380 ).

261 3407 299 3477 8.
332 3397 488 3480 Tandem
508 3398 710 3494 deducitur,
729 3399 992 3478 matrimonium
1008 3424 1028 3476 a
1042 3395 1347 3476 ehristiauisoon-

182 3536 348 3619 traetum,
379 3537 569 3630 postquam
597 3535 878 3602 consummatum
906 3522 1029 3618 luerit,
1066 3521 1208 3600 nonnisi
1236 3529 1347 3598 morte

180 3647 268 3725 solvi
297 3672 413 3753 posse,
437 3673 479 3726 ae
497 3645 647 3754 proinde
667 3647 843 3726 nemiuem
863 3645 908 3724 ad
923 3645 1100 3726 secundas
1119 3644 1265 3748 nuptias
1282 3641 1350 3718 mi-

180 3795 281 3871 grare
296 3795 413 3875 posse,
433 3772 501 3849 nisi
516 3770 670 3876 primum
685 3769 729 3850 de
746 3770 907 3873 coniugis
922 3783 1035 3849 morte
1055 3781 1173 3848 uentus
1194 3763 1346 3844 nuntius

250 3979 289 4052 ll)
307 3983 350 4038 lta
370 3979 428 4037 lere
446 3980 572 4038 Sanehez
591 3987 618 4037 et
636 3979 685 4036 alii
706 3979 783 4036 eitati
803 3994 818 4036 a
838 3979 979 4036 Leurenio
997 3983 1108 4050 quaeat.
1122 3975 1172 4034 eit.
1188 3979 1249 4032 m.
1270 3989 1302 4030 a.
1319 3977 1350 4030 2.

251 4068 291 4142 (9)
311 4069 363 4126 cit.
389 4082 452 4141 esp.
473 4069 636 4141 pendemus
654 4076 680 4136 a,
707 4067 741 4124 do
765 4063 1004 4125 divertite-Gir
1017 4065 1143 4122 sancum
1160 4065 1210 4123 eit.
1239 4062 1290 4120 tto.
1316 4066 1344 4118 7.

185 4157 499 4320 dml3doltxnciddeap
520 4247 683 4321 enodemus
700 4255 726 4316 8,
750 4247 783 4304 de
801 4247 960 4308 Maeotiis,-
982 4245 1107 4302 senonen
1129 4244 1178 4300 too.
1199 4243 1249 4300 ott.
1269 4257 1302 4301 u.
1323 4250 1351 4300 e.

186 4335 234 4394 ubi
253 4335 368 4409 longam
388 4340 442 4394 Di).
464 4337 568 4410 allegat
586 4338 699 4395 seriem.
1137 4357 1138 4362 ¹
1187 4363 1189 4368 ·

257 4424 292 4498 (4)
312 4427 436 4484 Sanehez
453 4425 528 4486 ibid.
549 4441 580 4484 a.
603 4431 646 4484 lo.
