3456 5300
697 445 853 506 ...ffl-

275 583 311 651 7.
344 577 389 654 Et
425 575 589 680 quamvis
627 577 720 654 inter
756 579 921 655 Doctores
958 575 1196 682 disceptatum
1233 575 1356 668 luerit,

193 725 238 776 an
260 699 482 804 praedictum
502 701 638 778 oriatur
657 699 949 806 impedimentum
977 727 1020 780 err
1039 701 1263 780 matrimonio
1283 711 1361 778 rato

194 839 230 904 et
257 851 330 904 non
358 840 614 920 consummato,
646 827 707 906 sed
736 839 918 906 contracto
945 829 1022 906 sine
1051 825 1254 934 praesentia
1298 851 1363 930 pa-

196 947 292 1026 rochi
322 963 358 1027 et
387 949 531 1029 testium
559 975 623 1029 seu
656 949 889 1039 claudestina,
919 953 1136 1031 communior
1173 965 1291 1030 tamon
1322 975 1363 1028 ac

195 1073 325 1167 uerior,
359 1087 399 1152 ut
426 1099 503 1153 eam
522 1075 686 1178 Ligarius
713 1076 871 1182 appellat
890 1077 964 1184 (l),
996 1075 1176 1154 sententia
1204 1087 1259 1153 est
1278 1099 1363 1152 con·

194 1209 250 1275 tra
281 1198 439 1278 Sanchcz
468 1199 627 1305 aliosque
656 1201 729 1306 (Ξ),
761 1201 855 1306 quod
884 1227 928 1280 cr
948 1200 1121 1281 eiusmodi
1151 1199 1257 1279 etiam
1285 1225 1362 1276 ma·

196 1321 362 1400 trimonio
398 1283 453 1402 ab
472 1325 795 1406 clandestinitatem
833 1327 991 1406 invalido
1019 1326 1155 1405 oriatur
1196 1325 1360 1431 publicae

199 1445 399 1526 honestatis
432 1449 737 1554 impedimentum,
775 1452 859 1556 quia
892 1451 975 1530 licet
1013 1451 1101 1530 illud
1139 1451 1275 1528 nullum
1314 1449 1360 1526 sit

198 1596 241 1649 er
269 1570 579 1677 delectualormae
613 1603 632 1652 a
662 1575 869 1656 Tridentino
902 1576 1158 1682 praescriptae,
1199 1600 1268 1653 non
1307 1588 1362 1653 est

199 1709 318 1774 tamen
334 1698 528 1778 invalidum
548 1723 591 1778 en
607 1699 746 1779 delectu
763 1725 957 1780 consensus
973 1699 1045 1806 (3).
1064 1699 1227 1778 -Plures
1243 1711 1361 1778 autern

200 1824 367 1901 Doctores
403 1823 551 1903 citatio
589 1825 765 1904 Leurcnio
793 1825 852 1932 (l)
886 1839 1080 1920 testantur,
1117 1825 1167 1904 ita
1195 1825 1305 1903 luisse
1343 1853 1362 1901 a

200 1947 306 2022 Sacra
335 1949 612 2050 congregatione
641 1947 820 2028 decisum:
855 1949 1171 2055 ‹Praesupposita
1204 1949 1365 2028 declara-

201 2067 296 2146 tione
316 2093 380 2172 per
410 2073 704 2152 Constitutionem
733 2074 785 2152 Pii
805 2079 834 2152 V
862 2097 970 2179 super
990 2074 1056 2152 hoc
1089 2073 1231 2152 decreto
1250 2071 1366 2180 (scili-

202 2207 252 2272 cet
280 2221 363 2274 sess.
394 2201 460 2274 et.
492 2223 523 2274 a.
556 2203 593 2276 3.
626 2197 668 2277 dc
695 2199 881 2304 reformat.
905 2197 1086 2302 oratrim.)
1115 2197 1255 2276 censuit
1275 2201 1366 2275 Con-

204 2321 361 2420 grcgatio
382 2321 465 2398 oriri
486 2319 775 2426 impedimentum
795 2321 959 2430 publicae
980 2322 1177 2400 honestatis
1197 2346 1241 2400 ex
1257 2345 1367 2426 spon-

202 2441 339 2520 salibus
362 2469 429 2548 par
458 2443 564 2523 verbu
591 2445 633 2524 da
656 2445 839 2552 praeseuti
870 2445 977 2524 etiam
1005 2445 1152 2524 uulliter
1175 2446 1365 2525 contractis

202 2566 332 2646 omissa
351 2567 461 2646 lorma
490 2569 689 2650 Tridentini
708 2597 797 2649 sess
822 2579 885 2649 ut.
909 2597 940 2650 c.
977 2581 1011 2650 t.
1039 2604 1072 2648 s.

282 2694 413 2798 Excipe
429 2707 548 2773 tamen
563 2694 704 2774 eosdem
718 2721 823 2775 casus
837 2723 857 2774 a
872 2697 949 2776 iure
974 2698 1122 2802 antiquo
1136 2697 1365 2777 decretalium

202 2845 267 2926 pro
281 2817 508 2924 sponsalibus
523 2831 678 2914 notatos,
696 2845 822 2925 nempe
840 2826 874 2898 1⁶
902 2819 931 2898 si
948 2819 1083 2899 oriatur
1098 2821 1304 2900 invaliditas
1324 2847 1368 2899 aa

152 2979 159 2990 ·
203 2946 341 3050 defectu
355 2969 554 3030 cousensus,
565 2943 646 3023 utsi
661 2945 1121 3040 matrimoniumeucrrore,
1134 2945 1243 3023 velex
1255 2959 1366 3040 matu,

206 3080 268 3148 aut
287 3067 369 3147 ficto
396 3092 572 3146 consensu
601 3067 730 3146 initum
750 3067 878 3164 lucrit3
901 3112 925 3128 -
947 3074 984 3147 2⁰
1011 3067 1042 3146 si
1070 3067 1276 3147 invaliditas
1295 3093 1371 3146 ma-

206 3191 363 3270 trimonii
390 3189 545 3296 prolluat
572 3191 763 3295 aspriora
795 3191 959 3296 publicae
988 3192 1187 3271 honestatis
1221 3191 1372 3298 impedi-

207 3327 340 3408 mento,
364 3327 440 3393 orto
468 3339 511 3392 err
531 3313 749 3418 sponsalibus
779 3313 1128 3407 aalidccoutractis;
1156 3341 1258 3394 secus
1277 3316 1369 3394 enim

209 3439 360 3518 alterum
379 3439 607 3518 induceretur
625 3438 916 3543 impedimentum
945 3439 982 3517 in
1001 3438 1257 3544 praeiudicium
1277 3439 1372 3543 prio-

210 3591 288 3642 rum
316 3563 547 3669 sponsalium,
579 3576 616 3642 ct
644 3576 739 3642 esset
766 3562 1035 3649 retroactiuum,
1065 3573 1188 3642 contra
1226 3587 1373 3667 expres-

211 3717 285 3769 sam
322 3687 492 3768 Bonilacii
533 3691 619 3767 vtll
660 3686 900 3766 definitionem
935 3686 1007 3794 (5).
1032 3733 1055 3748 ·
1075 3686 1167 3764 Hinc
1195 3688 1225 3763 si
1268 3685 1372 3763 Caius

213 3841 245 3890 v.
278 3839 331 3916 gr.
364 3813 543 3918 sponsalia
571 3811 687 3892 valide
716 3811 837 3891 inierit
857 3837 935 3890 cum
964 3809 1185 3915 Sempronia,
1217 3835 1258 3888 ac
1287 3809 1370 3888 dein

281 4027 320 4100 (l)
339 4029 366 4082 S.
388 4027 531 4099 Ligarius,
556 4025 815 4098 Tumtaptmnrut.
839 4024 890 4082 tto.
911 4030 938 4080 ⁶.
959 4025 994 4082 de
1011 4025 1214 4092 matrimomo,
1236 4041 1267 4081 u.
1295 4027 1374 4080 tuot.

281 4115 318 4188 (ἃ)
340 4115 466 4172 Sanchea
492 4113 543 4172 tto.
564 4119 591 4172 7.
611 4115 687 4186 disp.
707 4121 751 4172 70.
772 4131 802 4171 a.
829 4116 872 4171 tt.

283 4203 319 4276 [3)
338 4203 409 4260 Vide
428 4203 570 4260 Benedict.
590 4205 652 4260 x1v
671 4210 781 4275 quaest.
802 4203 932 4260 canonic.
954 4207 1016 4258 291.
1036 4203 1066 4274 §-
1092 4201 1235 4260 ultimum
1254 4207 1302 4258 est.

284 4290 318 4362 ll)
338 4289 498 4346 laurentus
518 4287 571 4345 tib.
592 4293 618 4343 t.
639 4287 685 4345 ut.
708 4293 732 4344 t.
753 4293 865 4360 quaest.
886 4291 938 4346 111.
959 4305 989 4344 a.
1010 4293 1038 4345 5.

281 4377 319 4452 (ὁ)
339 4381 408 4449 Cup.
428 4379 505 4436 unic.
527 4393 560 4434 ea
583 4377 777 4450 sponsalibus,
812 4377 846 4434 ds
870 4376 1056 4449 sponsalibus
1076 4375 1104 4432 in
1124 4376 1177 4432 6-
1200 4373 1248 4432 Clr
1274 4375 1376 4432 Laure-

216 4467 295 4525 ntum
315 4467 367 4525 toa.
387 4466 436 4524 att.
