3406 5302
878 515 1054 580 -260-

391 671 410 714 c
432 664 497 718 nes
525 641 709 744 antiquae,
741 640 894 720 scilicet:
913 642 949 718 in
969 665 1042 717 una
1061 639 1228 718 etaltera
1248 635 1455 716 Florentino
1478 698 1487 714 .
1509 697 1519 714 .
1544 699 1552 714 .

392 765 491 867 «lin
517 765 650 871 quibus
679 765 735 843 his
765 767 903 870 gemina
933 763 1129 867 habentur)
1159 765 1196 841 in
1225 789 1296 842 una
1317 763 1463 841 abulen.
1489 767 1553 841 Sa-

391 915 490 968 ‹cra
519 903 588 969 etc.
621 891 761 968 censuit
789 915 858 968 nou
885 889 1006 968 volere
1033 887 1305 968 matrimonium
1333 900 1558 967 contractum

390 1039 548 1092 «coram
577 1014 731 1118 parocho
759 1013 841 1108 loci,
873 1013 935 1092 ubi
964 1013 1215 1093 contrahentes
1235 1015 1466 1120 reperiuntur
1485 1039 1554 1092 noo

389 1167 407 1211 c
431 1137 551 1216 animo
571 1138 620 1216 ibi
638 1136 859 1216 domicilium
879 1137 1109 1216 contrahendi
1127 1167 1145 1212 >
1168 1138 1281 1245 (apud
1301 1137 1435 1216 Bened.
1458 1143 1551 1218 XIV.

386 1264 504 1340 instit.
521 1272 584 1340 33.
603 1261 702 1366 u.7).
718 1261 885 1340 -Eadem
900 1263 1003 1342 docet
1023 1263 1182 1342 Sancben
1201 1261 1282 1364 (lib.
1299 1273 1319 1341 3
1337 1262 1471 1368 disput.
1487 1274 1552 1344 23.

386 1383 513 1488 aa).
1513 1472 1520 1489 .

468 1521 517 1590 5⁰.
549 1514 698 1592 Domum
727 1523 880 1604 constat,
913 1511 1042 1590 Titium
1070 1524 1107 1589 et
1136 1512 1254 1589 Gaiam
1275 1511 1319 1589 ad
1348 1512 1552 1616 parochiam

384 1663 415 1716 s.
447 1634 627 1712 Francisoi
658 1659 695 1714 se
724 1633 918 1712 contulisse
947 1659 1017 1711 non
1047 1648 1088 1712 ut
1116 1633 1165 1712 ibi
1194 1633 1380 1738 quodlibet
1407 1635 1556 1714 domici-

384 1760 472 1841 lium
509 1761 749 1863 acquirerent,
790 1783 869 1838 cum
908 1759 952 1836 ad
986 1758 1021 1836 id
1060 1785 1104 1838 ne
1138 1758 1372 1861 cogitaverint
1408 1757 1552 1862 quidem

384 1885 465 1987 (nn.
498 1885 743 1986 31-au-33);
776 1881 837 1960 sed
867 1895 1006 1961 tantum
1033 1882 1090 1962 vel
1118 1907 1162 1960 ou
1194 1883 1402 1986 iquoroutio
1429 1883 1486 1960 vel
1512 1883 1552 1960 iu

384 2009 552 2113 [roudom
571 2009 689 2110 legum
709 2007 1028 2086 ecclesiasticarum
1048 2019 1083 2086 et
1103 2007 1140 2084 in
1159 2007 1341 2111 proprium
1358 2007 1553 2111 parochum

383 2133 464 2235 (nn.
498 2129 633 2234 4-33).
656 2133 763 2235 Atqui
783 2129 989 2234 iquorontio
1014 2129 1301 2209 contrahentium
1320 2155 1392 2208 non
1413 2130 1553 2235 proficit

382 2255 427 2332 ad
456 2254 507 2348 id,
539 2269 580 2334 ut
609 2255 666 2332 lex
686 2254 882 2332 tridentina
902 2254 1047 2332 irritans
1066 2253 1289 2332 clandestina
1307 2254 1547 2348 matrimonia,

382 2404 486 2456 suurn
515 2403 586 2456 non
615 2379 787 2456 sortiatur
821 2377 983 2456 ellectum
1014 2379 1067 2482 (n.
1101 2379 1187 2482 25);
1218 2391 1254 2457 ct
1287 2377 1399 2456 multo
1432 2381 1550 2457 minus

381 2501 520 2606 proficit
544 2501 666 2604 froas,
695 2526 787 2605 quae
815 2502 846 2580 si
875 2503 1007 2579 nemini
1027 2502 1243 2606 patrocinari
1264 2501 1369 2580 debat
1399 2502 1549 2580 inomni

380 2625 535 2727 negotio,
567 2650 608 2703 eo
637 2623 764 2704 lortius
792 2625 830 2702 in
857 2627 1091 2705 matrimoniis
1111 2626 1378 2720 contrahendis,
1402 2627 1547 2731 quando

379 2751 632 2829 contrahentes
661 2749 877 2829 domicilium
893 2751 929 2828 in
950 2751 1024 2828 loco
1039 2751 1095 2829 vel
1114 2751 1453 2856 quasi-domicilium
1473 2775 1548 2828 non

379 2874 649 2980 acquisiverint,
682 2874 735 2954 uti
763 2878 800 2952 iu
828 2873 889 2952 eit.
921 2875 1051 2952 litteris
1071 2875 1115 2952 ad
1132 2875 1298 2979 brchiep.
1332 2875 1547 2954 Goanumin

378 3013 511 3104 puncto
540 2997 661 3078 docuit
692 2998 826 3076 Bened.
863 3002 956 3092 XIV,
997 2999 1099 3075 ouius
1136 3003 1244 3077 verba
1275 2999 1318 3076 de
1346 2999 1480 3103 [raudo
1506 3025 1549 3076 ac

377 3121 557 3201 domicilio
584 3121 690 3200 retuli
720 3121 857 3226 (praec.
889 3147 926 3198 n.
960 3121 1041 3226 38).
1062 3122 1103 3199 ld
1124 3137 1243 3200 autem
1264 3123 1547 3201 luculentissime

376 3246 483 3324 etiam
520 3257 661 3324 constat
695 3269 738 3322 ex
769 3243 972 3348 apostolicis
1004 3244 1134 3324 litteris
1175 3245 1311 3324 Urbani
1345 3249 1444 3340 3111,
1484 3248 1545 3350 qui

376 3369 485 3448 huius
514 3373 550 3446 S.
583 3373 620 3452 C.
653 3371 850 3448 sententias
878 3369 922 3448 de
951 3369 1082 3473 triplici
1111 3395 1196 3448 oasa
1226 3369 1361 3448 fraudis
1381 3385 1417 3448 et
1433 3371 1545 3449 domi·
1687 3403 1688 3406 κ

375 3492 446 3570 oilii
474 3491 532 3570 die
563 3500 611 3570 tt
640 3517 724 3594 aug.
760 3499 858 3568 tout
889 3490 1125 3570 confirmavit.
1150 3491 1288 3580 Quibus
1309 3493 1445 3588 relatis,
1478 3497 1545 3570 Bn·
1685 3595 1686 3606 ἦ

375 3615 540 3694 nedictus
566 3619 646 3693 XIV
674 3615 724 3692 ita
752 3613 918 3693 disserit:
953 3616 1110 3718 «Igitur
1133 3620 1402 3696 matrimonium
1430 3621 1543 3723 primo

378 3753 456 3818 «et
483 3738 639 3818 secundo
668 3739 743 3816 loco
781 3739 981 3842 expositum
1014 3739 1162 3816 irritum
1201 3739 1421 3834 decernitur,
1463 3767 1541 3818 oum

376 3865 522 3968 «fraus
550 3861 811 3958 intercesserit3
843 3862 1106 3942 matrimonium
1141 3865 1247 3942 tertio
1279 3865 1354 3942 loco
1392 3865 1539 3942 allatum

375 4019 393 4062 c
417 3991 522 4066 etiam
538 4013 618 4066 oum
632 3986 765 4092 [raudo
783 3985 945 4064 ualidum
961 3987 1177 4084 declaratur,
1201 3990 1285 4093 quia
1301 4015 1432 4066 norum
1453 4015 1543 4093 quo-

372 4138 484 4216 ‹quo
521 4111 739 4190 domicilium
777 4122 1011 4189 accesserat»
1044 4113 1132 4216 (cit.
1175 4119 1263 4189 lust.
1307 4122 1370 4190 33.
1404 4138 1441 4189 n.
1473 4111 1538 4217 9).

369 4241 467 4325 Quae
494 4241 611 4316 omnia
640 4237 698 4314 hio
726 4261 886 4314 summus
918 4234 1081 4314 Pontifex
1097 4235 1222 4314 iisdem
1242 4235 1314 4314 lere
1335 4236 1455 4314 verbis
1475 4236 1545 4314 ite-

368 4386 448 4438 rum
474 4361 626 4466 urgebat
653 4363 691 4438 in
718 4360 780 4440 cit.
813 4359 944 4438 litteris
971 4357 1017 4436 ad
1046 4359 1211 4464 hrohiep.
1242 4365 1417 4439 Gonnum.
