3456 5300
831 448 835 456 ·
872 463 910 478 -
931 431 970 493 90
992 461 1029 475 -

364 580 468 634 cusso
496 569 558 666 aut
586 553 666 634 dolo
694 567 835 634 extorta
870 553 1031 648 licentia,
1064 551 1220 632 invalide
1259 551 1461 658 profitetur,
1492 579 1530 632 se

364 677 486 758 illicite
514 691 551 758 et
578 677 733 758 invalide
761 691 904 786 separat
931 675 1049 784 quoad
1079 691 1194 757 torum
1227 704 1247 756 a
1281 678 1444 782 coniuge,
1467 677 1530 782 qui

361 827 426 908 per
453 827 674 908 consequens
702 829 783 882 eum
811 827 976 882 revocare
1003 813 1135 908 potest,
1167 799 1221 882 uti
1258 800 1438 906 rescripsit
1467 803 1529 877 In-

364 925 551 1006 nocentius
579 929 635 1004 111
663 925 679 1030 (
706 924 737 1031 ).

447 1059 509 1128 13.
543 1057 669 1129 Seato:
701 1080 719 1124 ‹
742 1051 877 1128 Coniux
897 1061 1139 1129 consummato
1151 1047 1214 1127 'rel
1233 1047 1341 1128 etiam
1360 1070 1431 1126 non
1446 1072 1531 1125 con-

365 1187 540 1253 summato
568 1173 807 1268 matrimonio,
839 1170 958 1252 calide
975 1171 1120 1280 quidem
1140 1169 1202 1251 sed
1217 1169 1343 1251 illicite
1356 1171 1432 1250 sice
1450 1195 1531 1248 con-

364 1323 467 1376 sensa
495 1297 644 1376 alterius
672 1297 799 1401 recipit
828 1295 1031 1376 Ordines».
1063 1301 1128 1376 Est
1147 1296 1341 1376 communis
1369 1297 1530 1376 doctrina

365 1419 513 1528 delinita
541 1419 619 1498 iure
656 1419 886 1498 decretalium
914 1421 988 1526 (2).
1028 1419 1130 1499 Unde
1163 1420 1292 1498 coniux
1324 1420 1431 1499 etiam
1460 1421 1529 1498 iam

363 1541 549 1622 ordinatus
564 1555 682 1647 potest
696 1541 741 1621 ab
757 1569 867 1622 uxore
886 1543 1063 1640 revocari3
1086 1569 1166 1622 eum
1185 1542 1281 1622 illius
1301 1543 1437 1622 malitia
1455 1569 1527 1622 non

362 1665 493 1744 debeat
520 1663 668 1744 alterius
700 1665 839 1744 iuribus
871 1665 1129 1772 praeiudicium
1162 1665 1310 1762 inlerre3
1342 1665 1411 1744 nisi
1439 1667 1530 1746 lorte

307 1837 312 1850 ·
364 1787 432 1882 vir,
463 1787 616 1868 necdum
643 1803 886 1870 consummato
922 1790 1161 1886 matrimonio,
1201 1789 1288 1869 velit
1324 1791 1531 1894 religionem

364 1911 517 2018 ingredi,
548 1915 602 1992 uti
631 1927 771 1994 constat
798 1937 842 1992 en
870 1915 988 1993 dietis

445 2043 507 2114 lt.
541 2035 720 2144 Septimo:
739 2067 757 2111 ‹
780 2037 1003 2118 Matrimonia
1019 2037 1126 2116 etiam
1153 2049 1410 2133 consummato,
1431 2037 1529 2118 licita

364 2168 400 2238 et
427 2159 546 2238 valida
573 2175 628 2242 est
651 2161 842 2267 professio,
862 2163 917 2242 uti
936 2175 973 2240 et
991 2161 1162 2268 susceptio
1180 2161 1371 2248 Ordinem,
1391 2176 1428 2242 et
1446 2162 1530 2241 hinc

362 2281 460 2361 licita
496 2283 603 2362 etium
640 2288 817 2390 separatio
853 2285 973 2392 quoad
1011 2299 1142 2381 torum,
1187 2283 1280 2364 lacta
1308 2283 1352 2363 de
1384 2283 1530 2365 licentio

365 2401 515 2484 ollarios
542 2407 717 2510 coniugis,
748 2412 899 2488 servatis
927 2424 1046 2491 tamen
1061 2407 1403 2516 praescriptionibus
1422 2433 1530 2489 eano-

363 2531 443 2610 nico
471 2531 550 2611 inre
574 2532 802 2611 servandis»
833 2534 848 2638 (
876 2532 906 2639 )
1426 2623 1428 2630 ‚

445 2666 508 2736 15.
541 2655 696 2753 Scilicet,
727 2657 772 2737 ad
801 2658 1054 2763 prolessionem
1082 2659 1177 2764 quod
1206 2657 1351 2752 attinet,
1374 2669 1414 2735 ut
1433 2655 1530 2735 licite

363 2779 493 2858 coniux
523 2779 746 2886 profiteatur,
778 2809 849 2861 non
886 2783 1019 2862 sufficit
1045 2781 1158 2862 libera
1191 2781 1340 2862 alterius
1368 2781 1529 2886 coniugis

362 2901 522 3000 licentia,
554 2905 617 2983 sed
644 2907 840 3011 requiritur
868 2905 1014 3012 insuper
1041 2919 1083 2985 ut
1110 2907 1216 2986 etiam
1232 2907 1375 3000 coniux,
1407 2905 1530 3012 quili-

363 3028 516 3107 centiam
543 3028 620 3125 dat,
651 3029 855 3133 religionem
884 3028 1106 3134 ingrediatur
1134 3055 1198 3109 seu
1213 3043 1249 3110 et
1267 3031 1343 3136 ipse
1358 3028 1529 3136 profiteo-

364 3163 440 3238 tor,
458 3153 523 3266 'uti
551 3164 650 3258 patet
678 3178 722 3230 ex
750 3152 921 3232 decretali
950 3151 1142 3232 Alexandri
1170 3156 1225 3232 lll
1253 3151 1335 3258 (t):
1357 3159 1529 3256 ignorare

362 3299 432 3352 ooo
459 3275 574 3362 deles,
602 3288 804 3354 sanctorum
833 3283 987 3356 Patrem
1014 3275 1257 3356 constitutioni
1288 3304 1359 3356 esse
1385 3287 1528 3355 coutro-

362 3398 475 3485 ricm,
504 3409 544 3476 ut
571 3399 630 3476 vir
658 3425 769 3479 uaore
796 3426 878 3488 sao,
907 3412 972 3478 oct
1000 3425 1093 3480 ocor
1121 3400 1200 3480 uiro
1227 3399 1300 3480 mas
1330 3425 1399 3478 nou
1426 3425 1529 3477 osac-

263 3589 266 3596 .
361 3533 475 3602 memte
503 3519 683 3626 religionis
703 3521 878 3610 luditum,
898 3521 1019 3602 debeat
1032 3523 1081 3602 od
1094 3523 1299 3629 religionem
1315 3523 1483 3602 transire.
1502 3567 1527 3581 -

361 3647 425 3725 tel
452 3647 560 3725 etiam
588 3645 713 3726 saltem
741 3647 951 3750 requiritur,
982 3659 1024 3727 ut
1051 3649 1181 3726 coniux
1214 3647 1394 3727 licentiam
1423 3647 1526 3725 alteri

359 3768 466 3865 dans,
499 3795 645 3850 manens
672 3771 710 3848 in
739 3770 857 3849 seculo
885 3782 1006 3849 votum
1033 3771 1115 3850 edet
1137 3783 1330 3878 perpetuae
1347 3767 1529 3848 conticeo-

430 3980 468 4053 (ll
487 3983 521 4038 ln
540 3979 675 4038 decretali
693 3975 826 4037 accedens
844 3983 888 4035 17.
908 3977 1002 4035 cedma
1020 3977 1068 4036 att.

428 4068 466 4143 (2)
485 4072 552 4142 Cap.
572 4071 751 4143 coniepctua
768 4074 795 4126 5.
816 4069 849 4126 dc
867 4067 1047 4126 democratem
1065 4069 1312 4142 coniugatoruma
1332 4071 1380 4128 cit.
1401 4071 1524 4128 Extrar.

359 4156 512 4230 aetium,
534 4159 569 4216 dc
586 4164 649 4216 noto
666 4165 692 4216 et
709 4159 769 4216 coti
785 4155 925 4229 redempt.

431 4249 471 4321 (3)
489 4252 556 4322 Cap.
577 4247 754 4320 maingotus
772 4254 797 4316 ⁵,
820 4237 882 4318 cap'.
903 4252 1049 4304 coarctes
1067 4253 1094 4305 8.
1115 4247 1150 4306 dc
1167 4262 1292 4306 concers.
1312 4247 1463 4322 conteget.

431 4336 466 4409 14]
486 4340 519 4396 ln
538 4352 600 4410 cap.
620 4352 688 4396 cum
705 4335 747 4394 eia
765 4339 791 4391 t.
812 4335 846 4392 de
863 4349 989 4392 concers.
1014 4331 1177 4412 contegat,
1196 4367 1213 4376 -
1232 4336 1299 4394 item
1311 4350 1347 4394 ex
1360 4351 1423 4408 cap.
1434 4349 1523 4408 proc

366 4431 446 4483 terea
465 4431 490 4484 1.
511 4427 574 4485 eod.
594 4427 638 4484 tit.
1324 4419 1327 4428 '
1383 4423 1384 4428 ’
