3402 5292
844 449 881 464 -
902 419 960 480 350
981 450 1019 464 -

345 540 515 620 Pontifiee
546 539 751 620 laoultatem
780 543 1008 646 efflagitaret,
1039 567 1111 646 qua
1126 543 1201 646 ipse
1217 565 1348 618 norum
1375 538 1514 621 valeret

347 665 612 744 matrimonium
640 665 879 758 eeclesiastico
900 665 972 744 ritu
987 663 1181 758 celebrare,
1199 651 1404 768 praedietis
1424 663 1515 740 Ora-

345 793 434 872 toris
449 789 660 894 Episcopus
687 814 820 869 morem
848 815 975 892 gerens
1003 787 1161 868 eiusdem
1181 787 1360 892 precibus,
1382 811 1515 890 oppor-

346 927 455 993 tunas
484 911 529 989 ab
558 910 751 1015 apostoliea
780 911 869 989 Sede
897 911 1099 1016 imploravit
1128 909 1332 990 facultates.

429 1041 545 1126 Quare
574 1036 661 1114 haec
689 1037 819 1112 iterum
848 1034 1028 1140 proposita
1044 1033 1112 1112 luit
1130 1059 1237 1112 eausa
1254 1033 1516 1138 titulodispm-

346 1161 495 1240 sationis
523 1158 747 1238 matrimonii
800 1157 900 1262 apud
924 1183 1061 1236 sauram
1089 1157 1234 1235 Consilii
1262 1155 1516 1260 Congregatio-

322 1309 442 1377 ,nem‚
474 1307 566 1387 quae
600 1283 638 1358 in
669 1281 821 1361 oomitiis
864 1261 999 1360 halritis
1034 1279 1092 1358 die
1125 1289 1148 1360 9
1186 1281 1270 1356 maii
1310 1289 1426 1374 1874,
1458 1305 1515 1358 re-

259 1421 263 1428 '
348 1407 517 1514 spondit:

431 1535 559 1609 «Esse
587 1529 845 1608 consulendum
873 1533 978 1607 SSmo
1006 1553 1070 1633 pro
1107 1525 1373 1634 dispensatione
1406 1551 1515 1633 super

351 1655 619 1734 «matrimonio
655 1667 734 1732 rato
772 1667 808 1732 ot
845 1677 915 1732 non
958 1667 1202 1732 consummato
1239 1677 1319 1730 oum
1356 1651 1448 1730 Iulia
1478 1650 1515 1727 in

351 1804 518 1856 «casu»
551 1777 625 1882 (1).

628 2072 974 2163 nnsonnrnrm
989 2061 1228 2180 'oolam

430 2301 478 2382 lle
505 2299 605 2381 firmo
633 2303 686 2382 rel
717 2301 806 2382 nullo
834 2301 989 2402 centuplo
1014 2309 1091 2404 post
1119 2307 1252 2402 raptum
1281 2297 1433 2380 mulieris

675 2423 784 2528 raptui
814 2425 1062 2507 eonsentiertls
1090 2423 1180 2506 inito.

428 2640 559 2713 Auator
573 2635 839 2739 ephemeridem
856 2661 1095 2730 romanarum,
1109 2635 1241 2741 quibus
1249 2634 1377 2713 titulus
1389 2677 1412 2694 -
1429 2640 1518 2744 dota

352 2767 507 2838 Sanctae
522 2757 620 2838 Sedis
635 2804 674 2855 -,
692 2759 737 2838 ad
757 2759 873 2838 varias
892 2761 1132 2838 ooneiliandas
1160 2763 1348 2838 Doctorum
1369 2772 1515 2836 senten-

354 2882 438 2977 tias,
458 2883 520 2987 qui
540 2885 816 2962 oontroversiam
837 2882 1049 2977 diiudicant,
1073 2909 1119 2960 an
1141 2897 1265 2986 raptas
1287 2879 1530 2994 impedimen·¹

352 3019 429 3084 tum
444 3019 668 3112 anteaquam
697 3007 824 3085 mulier
852 3007 971 3111 raptui
996 3007 1189 3100 consentit,
1213 3005 1386 3110 quasdam
1406 3004 1515 3083 relert

352 3153 394 3206 aa
426 3128 584 3208 illustrat
618 3155 739 3209 saurae
774 3130 1065 3234 Congragationis
1102 3129 1246 3207 Consilii
1279 3128 1515 3207 resolutiones

355 3252 394 3327 in
423 3251 596 3331 themate.

432 3377 668 3479 domitaque
706 3375 909 3480 praedictae
943 3375 1178 3454 resolutiones
1211 3401 1375 3478 magnam
1402 3375 1516 3454 luaem

351 3497 389 3574 in
417 3497 591 3576 eiusmodi
619 3500 865 3604 qaaestionem
893 3499 1094 3595 adundant,
1129 3500 1216 3578 utile
1244 3499 1317 3578 lora
1346 3499 1433 3578 duri
1461 3525 1517 3578 ra-

350 3619 456 3714 lerre‚
489 3635 529 3700 ut
559 3621 647 3700 alias
664 3623 777 3701 innui
806 3621 880 3728 (ᾖ),
912 3623 1086 3728 praedioli
1106 3624 1517 3729 laetorisdisoeptatio-

350 3771 431 3823 nem
461 3745 497 3823 in
525 3745 720 3850 appendice
757 3745 913 3825 seeundo
948 3747 1052 3852 primi
1085 3747 1275 3826 voluminis
1296 3747 1470 3826 'relatam
1494 3791 1516 3806 -

350 3873 405 3948 En
433 3870 555 3975 itaque
583 3869 742 3949 eiusdem
770 3870 1041 3977 disceptationis

423 4129 459 4202 [1)
478 4131 578 4190 Reeole
597 4131 670 4188 diota
691 4133 744 4189 hae
764 4133 793 4189 in
812 4133 1151 4204 mancaepammus
1170 4139 1196 4188 et
1210 4143 1301 4203 seqq„
1316 4139 1343 4188 et
1355 4134 1517 4191 cautionem

348 4220 385 4276 ab
405 4235 429 4276 s.
448 4223 477 4277 G.
499 4221 617 4278 concilii
636 4221 779 4293 sapienter
797 4221 956 4280 adhibitam
986 4223 1015 4278 iu
1034 4222 1209 4280 resolutione
1232 4235 1325 4294 nuper
1347 4223 1430 4280 citata
1461 4223 1518 4280 diei

350 4310 386 4366 24
404 4310 461 4366 ian.
483 4311 562 4366 1871.

422 4397 460 4471 (2)
480 4401 566 4456 Parte
587 4403 610 4454 t.
632 4413 695 4472 cap.
718 4403 743 4456 l.
764 4407 824 4457 ort.
848 4404 872 4454 t.
891 4399 921 4472 3.
941 4407 969 4457 5.
