3446 5298
854 487 888 498 -
910 451 970 516 333
990 485 1027 498 -

356 577 529 656 mulieris.
562 576 690 673 Iudex,
712 589 753 656 ut
771 602 881 683 supra
899 576 1034 656 dictum
1053 591 1109 656 est
1132 577 1176 656 de
1196 577 1339 674 Peritis,
1362 592 1435 658 tros
1454 579 1530 658 sal-

358 716 429 781 tem
457 700 678 780 Obstetrices
706 700 910 806 deputabit,
927 726 1020 805 quae
1040 728 1061 779 a
1080 700 1221 780 duobus
1241 701 1368 782 saltem
1396 703 1528 782 Peritis

358 851 430 904 uno
457 825 607 923 Medico,
643 838 679 904 et
716 825 829 904 altero
866 825 1054 928 Chirurgo,
1095 840 1134 904 ut
1171 851 1280 932 supra
1315 825 1525 928 seligendis,

357 949 482 1028 sedulo
509 963 615 1028 erunt
645 949 877 1030 instruendae
892 949 936 1028 de
956 948 1240 1053 recognoscendo
1260 950 1339 1028 visu
1368 963 1405 1030 et
1424 963 1526 1030 tactu

358 1075 393 1154 in
422 1073 649 1154 muliebrium
678 1073 913 1178 inspectione.
946 1077 1090 1152 Statuta
1118 1085 1238 1151 autem
1266 1072 1375 1152 huius
1404 1073 1528 1178 inspe-

355 1199 484 1279 ctionis
511 1198 569 1278 die
597 1196 724 1274 mulier
751 1199 820 1278 erit
849 1196 1070 1276 traducenda
1098 1195 1142 1274 ad
1176 1195 1319 1274 domum
1348 1196 1522 1274 honestae

355 1327 538 1402 Matronae
566 1322 701 1427 pariter
730 1349 750 1400 a
778 1321 899 1402 Iudice
936 1321 1165 1426 deputandae
1194 1345 1258 1425 pro
1295 1319 1525 1424 infrascripta

351 1448 571 1558 praestanda
598 1449 777 1553 personali
798 1447 1025 1544 adsistentis,
1049 1444 1412 1552 atque'adstantibus
1430 1469 1527 1523 sem·

355 1573 564 1681 partribus
593 1570 856 1652 Obstetricibus
893 1585 930 1650 et
966 1575 1143 1666 Matrona,
1184 1568 1424 1673 immergendo
1452 1569 1524 1648 erit

357 1701 393 1776 in
422 1699 549 1778 balneo
577 1722 691 1802 aquae
720 1696 876 1802 tepentis
896 1723 916 1774 a
935 1696 1066 1775 Peritis
1094 1695 1193 1800 prius
1222 1694 1523 1798 recognoscendo,

357 1817 454 1922 quod
482 1818 529 1896 sit
559 1841 672 1922 aquae
701 1839 826 1922 purae,
857 1839 929 1920 quo
957 1815 994 1892 in
1023 1815 1150 1894 balneo
1176 1840 1240 1920 per
1268 1816 1424 1920 spatium
1452 1815 1528 1894 sal-

358 1955 430 2021 tem
460 1941 568 2020 trium
588 1938 844 2044 quadrantium
865 1937 973 2016 horae
992 1939 1101 2016 unius
1121 1961 1328 2043 permanere
1356 1936 1523 2034 debebit;

357 2089 429 2170 quo
457 2078 615 2168 tempore
645 2075 840 2158 transacto,
872 2061 1100 2142 adstantibus
1127 2087 1267 2166 semper
1290 2075 1327 2142 et
1356 2083 1529 2166 praesen-

358 2187 456 2267 tibus
484 2191 646 2266 Matrona
674 2199 710 2265 et
739 2183 1018 2280 Obstetrioibus,
1050 2185 1186 2280 statim,
1218 2209 1263 2262 ne
1291 2184 1404 2264 ullum
1442 2210 1528 2289 spa-

358 2312 447 2390 tium
486 2325 549 2390 aut
586 2323 803 2389 momentum
842 2307 1012 2412 temporis
1040 2307 1178 2388 mulieri
1217 2309 1338 2404 detur,
1378 2309 1525 2414 quoad

359 2435 568 2515 arctandum
597 2460 659 2542 vas
687 2433 762 2512 ullo
790 2432 1047 2512 medicamento
1075 2447 1138 2512 aut
1167 2431 1287 2536 aliqua
1324 2431 1450 2510 lraude
1469 2431 1526 2510 uti

358 2574 483 2665 queat,
514 2559 559 2637 ad
589 2559 702 2663 ipsius
729 2557 886 2663 corporis
914 2557 1171 2662 inspectionem
1199 2583 1219 2634 a
1248 2555 1399 2658 singulis
1427 2581 1528 2636 seor·

357 2685 424 2762 sim
451 2681 711 2762 deveniendum
739 2681 823 2776 erit,
840 2679 1006 2760 adstante
1034 2703 1173 2784 semper
1188 2693 1224 2758 et
1240 2691 1429 2784 praesente
1449 2684 1527 2758 Ma-

362 2819 484 2901 trona;
523 2831 595 2909 qua
623 2805 660 2882 in
688 2829 725 2882 re
754 2803 1044 2909 prospiciendum
1081 2803 1205 2898 etiam,
1236 2817 1278 2882 ut
1311 2804 1401 2882 haec
1428 2828 1531 2883 recu-

359 2929 469 3032 gnitio
484 2928 546 3008 [iat
563 2943 720 3033 tempore
737 2940 877 3006 tantum
893 2927 1022 3006 diurno
1037 2940 1073 3005 et
1092 2926 1130 3004 in
1149 2925 1314 3006 cubiculo
1329 2927 1523 3022 luminoso,

358 3067 399 3132 ut
427 3079 470 3130 ex
499 3053 719 3157 inspectione
749 3052 951 3130 huiusmodi
972 3065 1093 3131 utrum
1113 3052 1240 3132 mulier
1268 3053 1367 3156 virgo
1394 3054 1456 3148 sit,
1479 3079 1526 3130 an

357 3176 488 3254 violata
516 3188 552 3254 et
579 3189 760 3280 corrupta,
792 3175 964 3256 adhibitis
991 3179 1078 3256 artis
1093 3175 1240 3278 regulis,
1271 3179 1435 3256 exactius
1463 3177 1529 3255 de-

359 3298 616 3402 mMmmmn

435 3421 564 3518 Iudex,
596 3423 766 3502 Defensor
792 3423 1008 3504 matrimonii
1035 3437 1073 3502 et
1101 3423 1339 3504 Cancellarius
1359 3449 1440 3504 cum
1459 3429 1528 3504 Pe-

356 3547 450 3643 ritis,
481 3561 658 3652 utsupra
687 3549 731 3626 ad
760 3549 903 3627 domum
937 3553 1119 3628 Matronae
1156 3549 1342 3628 accedent.
1374 3554 1524 3629 Peracta

357 3671 440 3750 hinc
467 3672 724 3774 recognitione,
755 3674 902 3752 seorsim
930 3672 1091 3775 singulae
1121 3671 1340 3752 Obstetrices
1368 3674 1527 3754 relerent

356 3793 400 3872 de
429 3795 644 3897 uirginitatis
672 3809 736 3874 aut
764 3797 1000 3900 corruptionis
1038 3795 1179 3874 indiciis
1218 3795 1263 3874 ab
1302 3796 1525 3902 inspectione

357 3919 633 4013 resultantibus
665 3943 711 3996 an
740 3934 837 4000 certa
866 3933 902 4000 et
929 3919 1049 4024 qualia
1079 3920 1261 4024 supersint
1289 3920 1390 4023 signa
1410 3934 1448 4000 et
1466 3945 1526 3998 ar-

357 4056 525 4145 gumenta
554 4043 757 4122 intemerati
786 4058 849 4122 aut
877 4043 1035 4147 corrupti
1073 4043 1221 4122 claustri
1254 4043 1456 4148 virginalis,
1487 4057 1524 4123 et

355 4193 401 4244 an
431 4167 503 4246 ulla
531 4167 629 4246 lraus
657 4169 702 4248 ad
736 4169 976 4272 virginitatem
1004 4167 1241 4247 simulandam
1269 4169 1433 4248 adhiberi
1461 4194 1526 4274 po-

355 4291 479 4370 tuerit.
512 4292 646 4370 Deinde
676 4317 783 4397 super
813 4293 869 4370 his
897 4293 1010 4395 magis
1030 4293 1187 4397 praecise
1208 4293 1388 4400 deponent
1407 4297 1447 4374 in
1465 4301 1522 4374 r‘c-

354 4415 606 4518 sponsionibus
635 4417 678 4494 ad
709 4417 994 4520 interrogatoria,
1026 4441 1118 4521 quae
1137 4418 1258 4499 clausa
1277 4433 1313 4500 et
1333 4419 1521 4523 obsignata
