3446 5298
668 397 704 410 -
726 367 785 428 ere
807 400 842 414 -

170 491 250 564 nere
278 487 334 564 rel
355 462 392 564 rh
412 489 544 593 specie,
563 515 627 567 seu
643 489 736 568 alias
756 489 1029 594 quomodolibet
1048 493 1239 584 concessio,
1258 517 1342 570 con-

170 607 315 688 firmatis
348 622 384 689 et
416 613 609 692 innovatis.
641 614 779 703 Quibus
813 614 978 692 omnihus
1006 625 1042 692 et
1062 614 1214 717 singulis
1234 617 1341 695 etiam

171 733 198 810 si
226 757 290 836 pro
319 733 459 813 illorum
488 736 682 816 sufficienti
719 737 950 840 derogatione
979 735 1022 815 de
1051 737 1121 816 illis
1149 765 1342 845 eorumque

172 857 253 936 totis
282 857 469 938 tenoribus
505 860 686 965 specialis,
718 860 897 966 specifica,
933 887 1102 966 expressa
1139 875 1174 940 et
1211 863 1343 942 indivi-

172 979 254 1074 dua,
286 1007 328 1058 ac
356 981 399 1060 de
421 982 528 1062 verbo
557 984 602 1062 ad
631 984 795 1080 verbum,
826 1010 898 1062 non
924 997 1043 1063 autem
1073 1009 1136 1089 per
1163 985 1343 1065 clausulas

172 1105 352 1206 generales
402 1105 495 1184 idem
546 1107 806 1212 importanteS,
856 1103 1017 1203 mentio,
1076 1133 1140 1186 seu
1191 1110 1341 1214 quaevis

171 1229 238 1307 alia
275 1230 458 1334 expressio
487 1231 681 1328 habenda,
713 1245 776 1310 aut
804 1231 925 1336 aliqua
955 1231 1024 1309 alia
1062 1231 1241 1337 exquisita
1270 1233 1342 1311 lor-

170 1377 225 1430 ma
262 1356 299 1431 in
336 1354 406 1432 illis
444 1354 578 1434 tradita
606 1355 795 1434 observata
824 1355 957 1435 eisdem
985 1356 1238 1461 praesentibus
1275 1383 1339 1462 pro

170 1480 346 1582 expressis
374 1491 410 1556 et
439 1479 583 1558 insertis
611 1480 801 1576 hahenteS,
833 1477 904 1558 illis
932 1479 1021 1558 alias
1054 1481 1092 1558 in
1120 1506 1185 1558 suo
1213 1481 1339 1562 roboro

172 1603 427 1707 permansuris
458 1603 502 1680 ad
530 1605 805 1708 praemissorum
843 1604 1006 1683 ellectum
1035 1605 1102 1682 hac
1130 1605 1206 1684 vice
1239 1605 1343 1684 dum·

171 1741 270 1806 taxat
297 1751 464 1832 expresse
492 1728 718 1832 derogamus,
744 1730 966 1835 caeterisque
986 1729 1174 1808 contrariis
1192 1730 1344 1835 quihus-

172 1859 335 1939 cumque.

247 1963 285 2059 ἓ.
312 1969 374 2038 17.
398 1961 568 2039 Volumus
587 1975 722 2058 autem,
740 1975 782 2040 ut
802 1973 1009 2066 praesentes
1029 1961 1153 2040 literae
1174 1963 1211 2038 in
1226 1961 1342 2040 valvis

167 2084 345 2162 Ecclesiae
373 2085 609 2164 lateranensis
636 2099 673 2164 et
699 2087 874 2190 Principis
901 2086 1162 2190 Apostolorum,
1185 2111 1340 2164 necnon

172 2209 410 2289 Cancellariae
438 2209 652 2314 apostolicae
672 2213 862 2288 acinacie
882 2210 1001 2316 Campi
1021 2211 1145 2290 Florae
1165 2210 1209 2290 de
1228 2211 1338 2304 Urbe,

170 2347 211 2412 ut
240 2336 345 2412 moris
374 2348 443 2430 est,
474 2335 703 2439 publicentur
735 2349 772 2414 et
799 2335 1006 2437 affigantur,
1034 2334 1156 2438 sicque
1178 2333 1344 2439 publica-

171 2472 227 2537 tae
247 2473 283 2539 et
302 2461 444 2557 affixae,
467 2485 588 2540 omnes
607 2473 643 2540 ct
662 2460 835 2563 singulos,
865 2486 956 2561 quos
984 2459 1066 2537 illae
1095 2470 1340 2553 concernunt,

169 2583 318 2687 perinde
346 2597 485 2663 arcteut
513 2599 548 2662 et
577 2584 749 2679 afficiant,
781 2609 822 2661 ac
850 2585 880 2660 si
913 2583 1107 2688 unicuique
1129 2608 1251 2662 eorum
1279 2608 1344 2661 no-

170 2709 331 2786 minatim
360 2721 395 2786 et
424 2708 659 2812 personaliter
678 2708 863 2786 intimatae
884 2707 1061 2803 luissent;
1096 2707 1266 2813 quodque
1285 2732 1347 2784 ea-

170 2831 329 2910 rumdem
366 2831 609 2936 praesentium
644 2832 880 2936 transumptis
919 2857 982 2910 seu
1011 2831 1200 2936 exemplis,
1236 2831 1343 2910 etiam

169 2957 366 3061 impressis,
398 2983 505 3034 manu
535 2957 686 3034 alicuius
715 2957 854 3036 Notarii
884 2956 1018 3062 publici
1047 2955 1278 3061 subscriptio,
1309 2968 1345 3033 et

171 3083 288 3185 sigillo
308 3082 459 3160 alicuius
487 3106 659 3186 personae
689 3081 725 3158 in
754 3080 930 3183 dignitate
950 3081 1190 3159 ecclesiastica
1213 3079 1346 3158 consti·

170 3219 270 3285 tutae
290 3206 453 3304 munitis,
485 3205 606 3284 eadem
627 3231 773 3309 prorsus
789 3205 877 3284 lrdes
897 3219 969 3283 tam
990 3205 1028 3284 iu
1056 3205 1202 3302 iudicio,
1235 3229 1342 3309 quam

170 3343 273 3408 extra
302 3329 390 3408 illud
419 3329 552 3433 ubique
586 3327 818 3426 adhiheatur,
853 3355 946 3434 quae
975 3329 1061 3434 ipsis
1090 3327 1342 3432 praesentibus
1398 3407 1400 3410 .

166 3453 418 3549 adhiberetur,
448 3452 479 3530 si
507 3451 623 3531 lorent
651 3451 833 3530 exhibitae
862 3453 918 3530 rel
946 3466 1125 3530 ostensae.

247 3583 285 3678 ἓ.
322 3587 383 3657 18.
415 3578 512 3656 Nulli
533 3602 616 3680 ergo
635 3577 778 3655 omnino
795 3577 977 3655 hominum
996 3577 1103 3655 liceat
1127 3576 1221 3654 hanc
1240 3577 1344 3680 pagi-

167 3731 250 3783 nam
280 3704 391 3781 nostri
419 3701 567 3798 decreti,
590 3701 733 3796 statuti,
764 3701 1048 3798 constitutionis
1072 3699 1339 3806 prohibitionis,

167 3828 428 3922 revocationis,
473 3824 749 3917 annullationiS,
794 3824 1062 3920 declarationis,
1102 3821 1263 3901 mandati
1305 3847 1346 3900 ac

169 3953 367 4040 voluntatis
386 3949 593 4052 infringere,
626 3947 682 4026 vel
711 3951 742 4026 ei
763 3975 852 4027 ausu
883 3951 1070 4029 temerario
1091 3948 1281 4026 contraire.
1310 3949 1345 4024 Si

165 4078 250 4183 quis
279 4089 397 4155 autern
426 4075 492 4152 hoc
520 4084 700 4151 attentare
728 4073 1022 4178 praesumpserit,
1057 4071 1345 4174 indignationem

166 4202 421 4307 omnipotentis
463 4197 525 4276 Dei
567 4221 607 4273 ac
649 4193 711 4283 bh.
748 4197 844 4274 Petri
885 4211 921 4276 et
962 4197 1063 4274 Pauli
1102 4195 1343 4300 apostolorum

166 4329 246 4405 cius
273 4351 311 4404 se
342 4326 480 4402 noverit
508 4321 750 4398 incursurum.
783 4323 913 4398 Datum
934 4325 1067 4399 Romae
1096 4321 1191 4426 apud
1212 4347 1243 4398 S.
1267 4324 1344 4398 llla·
