1035 1506
536 201 554 205 —
566 193 594 209 ¹:36
605 201 623 204 —

340 224 358 243 in
372 224 455 244 universa
463 224 539 244 dioecesi
547 224 749 251 Detroitensiffletroit)
755 224 868 250 Mechingam

342 254 360 274 in
376 254 476 281 California
491 255 589 281 superiori;

341 285 360 305 in
374 285 450 305 dioecesi
464 292 485 305 ac
498 286 589 312 provincia
607 286 712 309 Quebecensi‘
723 286 742 305 in
756 286 826 306 Canada
841 292 872 306 su-

287 316 364 342 periore.

327 348 394 367 Horum
409 351 468 367 autem
482 348 560 367 omniurn
574 348 680 368 documenta
694 355 715 368 ex
724 349 779 368 sacris
788 355 870 375 praeser-

287 378 319 398 tim
333 379 503 404 Congregationibus
518 380 536 398 S.
552 379 609 399 Officii
623 383 641 399 et
657 379 679 399 de
696 379 812 406 Propaganda
826 379 868 399 Fide

287 408 362 435 protulit
375 415 393 435 p.
409 410 485 428 Perrone
500 409 519 429 in
533 409 580 429 notis
594 409 631 436 (1).

327 442 358 459 13.
376 440 455 459 Secundo
469 440 595 466 inquirendum
609 444 643 464 est,
659 447 691 467 pro
705 440 821 467 quibuslocis
836 441 869 460 Be-

287 470 378 491 nedictina
392 471 490 490 Declaratio
504 471 558 490 {uerit
572 471 615 495 lata,
630 474 648 491 et
658 471 680 491 nd
690 478 736 498 quae
745 471 787 491 dein
796 475 869 491 extensa

287 500 394 527 apostolicae
407 500 457 520 Sedis
467 501 579 524 auctoritate,
591 501 619 521 vel
629 501 663 527 ipsi
673 501 744 521 decreto
756 501 867 527 derogatum.

328 532 423 551 Notissima
437 535 465 551 est
480 531 580 551 Declaratio
589 532 680 552 Benedicti
689 533 729 552 XIV
739 532 776 558 (2),
788 538 823 558 qua
833 531 871 551 edi-

287 562 344 582 citur:
359 570 368 581 ‹
380 562 491 582 Matrimonia
503 569 549 589 quae
559 563 578 582 in
585 563 628 583 locis
640 563 770 583 foederatorum
785 563 871 582 Ordinum

289 601 298 612 ‹
311 593 388 613 dominio
402 594 420 613 in
434 594 494 619 Belgio
503 594 589 613 subiectis
599 594 640 614 iniri
648 594 712 617 solent,
724 594 761 614 sive
771 594 818 614 inter
828 594 871 614 hae-

289 631 299 642 «
310 624 375 644 reticos
389 630 410 644 ex
425 627 501 650 utraque
510 628 569 650 parte,
580 625 617 644 sive
627 625 673 644 inter
683 624 793 644 haereticum
802 630 824 644 ex
834 630 869 643 una

289 662 299 673 α
311 658 361 681 parte
376 654 433 674 virum
446 658 465 674 et
479 655 584 675 catholicam
598 655 680 675 feminam
694 661 716 675 ex
730 655 773 679 3113,
782 658 814 675 aut
823 655 871 674 vice-

289 693 298 704 ‹
310 692 368 709 versa,
385 692 420 705 nou
434 689 504 705 servata
519 685 574 706 forma
588 693 598 705 a
612 692 661 706 sacro
675 686 779 706 Tridentino
793 686 870 705 Concilio

288 724 297 735 «
309 716 425 743 praescripta,
438 720 503 742 'utrum
520 717 579 736 valida
596 717 678 737 habenda
694 717 730 737 sim
745 723 777 737 nec
794 723 823 741 ne,
839 717 870 736 diu

288 755 297 766 ‹
310 747 421 774 multumque
435 747 554 774 disceptatum
568 751 603 772 est,
618 748 682 768 animis
696 748 787 768 homiuum
800 754 820 767 ac
830 754 871 768 sen-

290 786 299 797 ‹
311 778 373 798 tentiis
388 779 405 798 in
420 778 490 798 diversa
504 778 594 798 distractis
603 794 608 798 .
619 794 623 799 .
634 794 639 798 .
650 794 654 799 .
670 780 745 805 Negotio
755 783 823 799 mature
831 785 872 805 per-

289 816 299 828 «
310 815 373 836 penso,
385 809 501 835 omnibusque
509 809 598 830 rationum
606 811 699 830 momentis
708 810 750 830 hinc
758 810 799 830 inde
809 810 871 830 sedulo

289 848 298 859 a<
310 840 380 860 libratis
390 841 488 867 (Sanctitas
497 840 541 866 Sua)
551 840 648 861 declaravit
661 841 769 868 statuitque,
780 841 872 861 matrimo-

289 879 298 890 ‹
311 871 340 890 1113
350 871 368 890 111
376 871 428 891 dictis
438 871 532 891 foederatis
540 871 595 897 Belgii
605 872 701 898 provinciis
717 872 765 892 inter
773 871 871 891 haereticos

289 909 298 920 ‹
310 908 367 928 usque
381 902 432 922 modo
448 905 546 926 eontracta,
562 909 643 929 quaeque
659 902 677 922 iu
691 906 782 929 posterum
799 905 871 922 contra-

289 940 299 951 «
312 933 384 956 hentur,
402 933 472 952 etiamsi
491 932 546 952 [orma
560 940 570 952 a
585 933 688 953 Tridentino
706 933 816 960 praescripta
834 939 870 952 non

289 971 299 982 «
311 963 364 983 fuerit
379 963 398 982 in
412 963 433 983 iis
447 963 558 983 celebrandis
572 968 650 988 servata,
665 964 759 984 dummodo
775 963 827 983 aliud
836 969 871 983 nun

289 1002 299 1013 ‹
311 994 364 1014 obstet
378 994 481 1014 canonicum
495 994 647 1021 impedimentum,
662 1002 694 1021 pro
708 995 772 1015 validis
787 995 870 1015 habenda

289 1034 299 1045 ι
312 1032 351 1046 esse
363 1034 372 1044 ν
387 1026 424 1052 (3).

328 1057 378 1080 Quod
393 1063 434 1076 vero
451 1060 520 1083 spectat
534 1057 556 1076 ad
570 1063 591 1077 ea
607 1057 689 1083 coniugia
705 1063 752 1083 quae
769 1057 836 1083 pariter
850 1057 870 1076 in

289 1088 352 1109 iisdem
366 1088 461 1108 foederatis
475 1088 533 1114 Belgii
545 1088 640 1114 provinciis
650 1085 781 1108 contrahuntur
791 1095 801 1107 3
811 1088 873 1107 catho-

324 1146 343 1164 (1)
352 1146 371 1160 De
380 1146 448 1160 macrim*
457 1145 509 1160 chria>
521 1146 546 1160 loc.
556 1146 582 1160 cil.

323 1168 342 1186 ζῆ)
352 1168 404 1186 incipit
413 1167 514 1184 Matrinum-*m
525 1171 542 1182 ac
551 1168 583 1182 11111·
593 1167 620 1182 ruit
629 1167 653 1182 die
663 1169 670 1181 A
680 1167 763 1182 novembri:
772 1171 798 1182 an.
808 1169 848 1182 47⁴1⁴

324 1190 341 1208 (Sl
351 1190 376 1204 cu.
387 1190 434 1204 Const-
444 1193 470 1204 seu
481 1190 549 1204 Decium*
559 1190 574 1207 s.
584 1191 598 1203 ε.
