3406 5302
689 459 887 518 -9m*

200 575 304 652 cuius
332 575 560 655 observantia
598 577 716 656 nutrit
744 591 958 683 peecatum,
990 573 1145 654 transire
1182 571 1310 674 nequit
1337 571 1374 646 in

203 719 275 772 rem
306 695 498 776 iudicatam
532 727 550 770 »
582 697 597 802 (
627 700 656 802 ).

278 825 316 894 3.
349 821 401 893 113
432 817 499 894 1133
526 818 603 921 ipsu
633 819 756 920 regula
785 844 804 896 e
832 817 1013 896 contrario
1037 814 1203 918 sequitur
1232 810 1370 888 altera:

203 965 220 1008 ‹
244 936 312 1014 Ubi
342 938 379 1016 in
399 939 487 1044 ipsis
506 939 625 1018 333313
645 939 717 1017 1313
738 941 918 1018 3311133113
939 937 1120 1016 observari
1146 943 1263 1037 potest
1282 928 1371 1033 quin

199 1072 368 1163 peccetur
396 1085 460 1138 seu
489 1062 673 1139 nutriatur
701 1074 902 1164 peceatum,
934 1085 974 1138 ea
1005 1057 1158 1136 transire
1189 1063 1307 1157 potest
1334 1047 1371 1124 in
1404 1115 1409 1136 ,,

198 1205 282 1292 1313Ι
302 1182 495 1260 iudicatam
520 1217 554 1256 ».
586 1181 656 1260 Sic.
689 1207 723 1259 3.
756 1207 790 1284 g.
813 1206 855 1258 ea
885 1182 962 1286 ipsa
979 1175 1186 1267 sententia,
1205 1198 1275 1276 qua
1296 1195 1372 1246 ma·

199 1303 403 1382 trimonium
432 1302 636 1382 declaratur
656 1301 796 1381 irritum
824 1315 861 1380 et
888 1295 1169 1388 dissolvendum,
1192 1291 1369 1393 simulque

198 1423 434 1502 succumbens
462 1424 499 1501 in
528 1423 602 1502 litis
621 1421 813 1500 damnatur
831 1447 1022 1526 expensas,
1045 1418 1128 1495 licet
1156 1411 1273 1518 quoad
1295 1436 1370 1488 ma-

198 1542 404 1620 trimonium
424 1570 487 1622 seu
507 1541 637 1620 dictam
658 1541 928 1620 dissolutionem
948 1566 1020 1618 non
1038 1548 1200 1618 transeut
1228 1535 1265 1610 in
1294 1557 1367 1612 rom

198 1660 407 1755 iudicatam,
426 1663 685 1742 transittamen
701 1663 737 1740 in
753 1662 949 1741 iudicatum
962 1659 1132 1739 3111311311
1149 1654 1368 1760 appellatum

198 1797 341 1862 nonest
360 1785 453 1861 intra
469 1782 682 1870 decemuiros,
698 1777 1371 1888 33331111133133333333331313333-

201 1913 256 1979 tea
285 1901 331 1980 ob
359 1927 514 1982 errorem
534 1903 730 2000 detectum,
762 1903 1220 1982 11133313133113313313133
1244 1895 1369 1974 coniu-

204 2025 314 2124 gium.
340 2029 455 2128 Atque
471 2025 520 2102 ita
550 2025 633 2102 talis
651 2025 830 2104 sententia
859 2047 931 2127 quo
950 2022 993 2100 ad
1014 2043 1191 2125 expensas
1206 2015 1370 2120 sequitur

199 2141 350 2219 aliarum
378 2144 638 2222 sententiarum
669 2159 834 2223 naturam
863 2158 900 2222 31
928 2141 1183 2220 conditionem.
1207 2181 1231 2195 -
1260 2140 1367 2228 Item,

199 2259 283 2339 dnm
299 2263 362 2367 qni
378 2263 541 2342 obtendit
557 2279 689 2342 metum
706 2264 761 2342 vel
782 2262 1019 2364 ignorantiam
1034 2255 1372 2338 conditionisservi-

199 2379 257 2475 lis,
276 2382 535 2462 condemnatus
547 2398 665 2462 tamen
686 2383 767 2477 luit,
790 2397 826 2462 et
840 2409 904 2488 pro
924 2378 1208 2484 coniugiiralore
1224 2391 1371 2454 senten-

199 2507 248 2584 tia
277 2508 365 2599 lata,
397 2509 442 2586 ab
472 2510 538 2586 hac
566 2509 660 2587 intra
693 2507 890 2611 legitimum
924 2521 1066 2610 tempus
1094 2529 1165 2582 non
1195 2500 1366 2606 appellat,

200 2629 323 2706 eadem
344 2629 474 2708 transit
489 2628 749 2724 iniudicatum,
767 2633 852 2732 quia
869 2653 952 2732 pars
967 2639 1101 2705 motum
1121 2621 1293 2728 passavel
1315 2620 1372 2697 in-

203 2751 329 2826 iuriam
359 2747 573 2827 conditionis
594 2748 637 2826 de
653 2773 744 2826 novo
764 2749 801 2825 in
821 2749 1085 2826 matrimonium
1113 2743 1306 2835 consentit,
1329 2755 1371 2819 ut

199 2893 262 2973 per
290 2868 469 2947 desertam
498 2869 773 2974 appellationem
813 2869 1053 2972 praesumitur
1081 2863 1371 2971 praesumptione

201 2989 288 3067 iuris
307 3014 348 3066 ao
367 2989 411 3066 de
432 2989 523 3082 1313,
542 3002 578 3068 31
594 3002 855 3092 consequenter
871 3015 943 3066 non
955 2992 1114 3066 nutritur
1130 2995 1329 3089 peccatum.
1346 3025 1371 3041 -

203 3107 299 3186 ldem
329 3107 518 3186 dicendum
548 3108 591 3188 de
619 3110 799 3188 sententia
828 3109 971 3188 divortii
1001 3107 1075 3214 (⁶2).

280 3237 318 3306 l.
350 3235 401 3306 De
428 3228 591 3308 odeuudo
618 3229 733 3308 iudice
756 3253 822 3334 per
850 3229 947 3306 oium
976 3227 1137 3333 querelae
1165 3225 1205 3303 ob
1233 3233 1373 3300 33111311-

201 3347 271 3425 1133
298 3348 533 3426 131331111313.
565 3350 734 3438 03313113
763 3364 882 3428 autem
911 3350 1091 3428 sententia
1120 3349 1192 3425 lata
1220 3345 1264 3423 de
1293 3369 1370 3420 ma-

202 3469 359 3546 trimonii
389 3469 507 3547 valore
527 3493 712 3572 nunquam
733 3483 895 3548 transeut
915 3470 952 3546 in
973 3493 1046 3546 rem
1074 3468 1282 3560 iudicatam,
1306 3487 1370 3569 pro

199 3591 276 3666 3133
305 3603 425 3666 tamen
445 3589 584 3666 13311113
603 3603 640 3667 31
659 3615 846 3693 processus
863 3589 1088 3691 legitimitate
1107 3587 1365 3694 praesumitur,

202 3707 345 3810 quando
360 3706 405 3784 ab
416 3733 457 3785 ea
478 3709 696 3812 appellatum
715 3723 868 3788 nonest.
887 3709 1127 3786 Nihilominus
1148 3721 1264 3813 potest
1278 3733 1371 3786 sem-

203 3853 264 3932 per
291 3829 407 3906 victus
427 3851 490 3931 per
509 3833 603 3906 riam
622 3829 793 3934 siorplicis
827 3829 989 3934 querelae
1017 3829 1060 3908 de
1081 3829 1175 3908 latae
1195 3829 1371 3908 iniustitia

200 3947 401 4025 sentcntiae
417 3947 514 4024 adiro
536 3947 702 4041 iudicem,
725 3949 786 4054 qui
816 3950 883 4028 hoc
912 3949 948 4028 in
969 3975 1055 4027 casu
1076 3975 1146 4027 nou
1167 3955 1373 4028 331113113-

201 4069 382 4173 politanus
411 4083 575 4174 respectu
614 4095 760 4148 snorum
790 4071 1125 4175 Suffraganeorum,
1156 4085 1281 4178 utpote
1310 4073 1373 4176 qui

254 4297 1370 4372 fflwmfflmfflwteowtwmmffifflmtcmwmm

202 4386 669 4455 mmmmmmmmmn
1088 4393 1093 4418 ¹

254 4472 712 4545 wfflmwmmustffi
