<?xml version="1.0" encoding="UTF-8"?>
<!DOCTYPE html PUBLIC "-//W3C//DTD XHTML 1.0 Transitional//EN"
    "http://www.w3.org/TR/xhtml1/DTD/xhtml1-transitional.dtd">
<html xmlns="http://www.w3.org/1999/xhtml" xml:lang="en" lang="en">
 <head>
  <title>
</title>
<meta http-equiv="Content-Type" content="text/html;charset=utf-8" />
  <meta name='ocr-system' content='tesseract 3.04.00' />
  <meta name='ocr-capabilities' content='ocr_page ocr_carea ocr_par ocr_line ocrx_word'/>
</head>
<body>
  <div class='ocr_page' id='page_1' title='image "./deimpedimentism00mansgoog_0128.png"; bbox 0 0 3456 5300; ppageno 0'>
   <div class='ocr_carea' id='block_1_1' title="bbox 37 4236 42 4335">
    <p class='ocr_par' dir='ltr' id='par_1_1' title="bbox 37 4236 42 4335">
     <span class='ocr_line' id='line_1_1' title="bbox 37 4236 42 4335; baseline 0 0"><span class='ocrx_word' id='word_1_1' title='bbox 37 4236 42 4335; x_wconf 75' lang='lat' dir='ltr'><strong>l</strong></span> 
     </span>
    </p>
   </div>
   <div class='ocr_carea' id='block_1_2' title="bbox 202 467 1379 4166">
    <p class='ocr_par' dir='ltr' id='par_1_2' title="bbox 709 467 1090 532">
     <span class='ocr_line' id='line_1_2' title="bbox 709 467 1090 532; baseline -0.005 -1"><span class='ocrx_word' id='word_1_2' title='bbox 709 467 884 532; x_wconf 79' lang='grc'><strong>-109-</strong></span> <span class='ocrx_word' id='word_1_3' title='bbox 1064 477 1090 529; x_wconf 64' lang='grc' dir='ltr'><strong><em>θ</em></strong></span> 
     </span>
    </p>

    <p class='ocr_par' dir='ltr' id='par_1_3' title="bbox 207 591 1379 1689">
     <span class='ocr_line' id='line_1_3' title="bbox 210 591 1377 696; baseline 0 -26"><span class='ocrx_word' id='word_1_4' title='bbox 210 592 345 671; x_wconf 89' lang='lat' dir='ltr'><strong>nomini</strong></span> <span class='ocrx_word' id='word_1_5' title='bbox 373 592 522 673; x_wconf 90' lang='lat' dir='ltr'><strong>allatum</strong></span> <span class='ocrx_word' id='word_1_6' title='bbox 550 597 593 672; x_wconf 92' lang='lat' dir='ltr'><strong>iri</strong></span> <span class='ocrx_word' id='word_1_7' title='bbox 623 591 828 686; x_wconf 76' lang='lat' dir='ltr'><strong>timebatur,</strong></span> <span class='ocrx_word' id='word_1_8' title='bbox 860 615 932 670; x_wconf 90' lang='lat' dir='ltr'><strong>non</strong></span> <span class='ocrx_word' id='word_1_9' title='bbox 958 591 1097 686; x_wconf 80' lang='lat' dir='ltr'><strong>adesse,</strong></span> <span class='ocrx_word' id='word_1_10' title='bbox 1130 591 1186 670; x_wconf 84' lang='lat' dir='ltr'><strong>rel</strong></span> <span class='ocrx_word' id='word_1_11' title='bbox 1215 616 1258 670; x_wconf 80' lang='lat' dir='ltr'><strong>er</strong></span> <span class='ocrx_word' id='word_1_12' title='bbox 1288 617 1377 696; x_wconf 91' lang='lat' dir='ltr'><strong>pru·</strong></span> 
     </span>
     <span class='ocr_line' id='line_1_4' title="bbox 210 715 1377 824; baseline 0.001 -29"><span class='ocrx_word' id='word_1_13' title='bbox 210 715 309 796; x_wconf 86' lang='lat' dir='ltr'><strong>denti</strong></span> <span class='ocrx_word' id='word_1_14' title='bbox 324 717 455 798; x_wconf 92' lang='lat' dir='ltr'><strong>iudicio</strong></span> <span class='ocrx_word' id='word_1_15' title='bbox 471 731 607 798; x_wconf 87' lang='lat' dir='ltr'><strong>certum</strong></span> <span class='ocrx_word' id='word_1_16' title='bbox 621 745 693 798; x_wconf 94' lang='lat' dir='ltr'><strong>non</strong></span> <span class='ocrx_word' id='word_1_17' title='bbox 712 743 789 798; x_wconf 89' lang='lat' dir='ltr'><strong>esse</strong></span> <span class='ocrx_word' id='word_1_18' title='bbox 809 716 1099 824; x_wconf 89' lang='lat' dir='ltr'><strong>deprehendatur</strong></span> <span class='ocrx_word' id='word_1_19' title='bbox 1118 729 1180 796; x_wconf 90' lang='lat' dir='ltr'><strong>aut</strong></span> <span class='ocrx_word' id='word_1_20' title='bbox 1199 717 1268 795; x_wconf 92' lang='lat' dir='ltr'><strong>alia</strong></span> <span class='ocrx_word' id='word_1_21' title='bbox 1283 742 1377 822; x_wconf 91' lang='lat' dir='ltr'><strong>quae</strong></span> 
     </span>
     <span class='ocr_line' id='line_1_5' title="bbox 209 841 1379 950; baseline 0.002 -30"><span class='ocrx_word' id='word_1_22' title='bbox 209 867 341 946; x_wconf 81' lang='lat' dir='ltr'><strong>urgens</strong></span> <span class='ocrx_word' id='word_1_23' title='bbox 367 868 475 923; x_wconf 90' lang='lat' dir='ltr'><strong>causa</strong></span> <span class='ocrx_word' id='word_1_24' title='bbox 502 844 714 950; x_wconf 86' lang='lat' dir='ltr'><strong>putabatur,</strong></span> <span class='ocrx_word' id='word_1_25' title='bbox 746 856 867 924; x_wconf 89' lang='lat' dir='ltr'><strong>nutet:</strong></span> <span class='ocrx_word' id='word_1_26' title='bbox 899 857 985 922; x_wconf 87' lang='lat' dir='ltr'><strong>tunc</strong></span> <span class='ocrx_word' id='word_1_27' title='bbox 1012 841 1179 937; x_wconf 85' lang='lat' dir='ltr'><strong>infidelia,</strong></span> <span class='ocrx_word' id='word_1_28' title='bbox 1204 869 1268 948; x_wconf 90' lang='lat' dir='ltr'><strong>pro</strong></span> <span class='ocrx_word' id='word_1_29' title='bbox 1288 857 1379 923; x_wconf 85' lang='lat' dir='ltr'><strong>tem-</strong></span> 
     </span>
     <span class='ocr_line' id='line_1_6' title="bbox 210 967 1378 1074; baseline 0.002 -30"><span class='ocrx_word' id='word_1_30' title='bbox 210 991 349 1070; x_wconf 91' lang='lat' dir='ltr'><strong>porum,</strong></span> <span class='ocrx_word' id='word_1_31' title='bbox 382 993 613 1072; x_wconf 89' lang='lat' dir='ltr'><strong>personarum</strong></span> <span class='ocrx_word' id='word_1_32' title='bbox 640 982 677 1046; x_wconf 89' lang='lat' dir='ltr'><strong>et</strong></span> <span class='ocrx_word' id='word_1_33' title='bbox 704 969 858 1048; x_wconf 90' lang='lat' dir='ltr'><strong>locorum</strong></span> <span class='ocrx_word' id='word_1_34' title='bbox 893 967 1086 1062; x_wconf 89' lang='lat' dir='ltr'><strong>adiunctis,</strong></span> <span class='ocrx_word' id='word_1_35' title='bbox 1125 968 1199 1046; x_wconf 85' lang='lat' dir='ltr'><strong>sive</strong></span> <span class='ocrx_word' id='word_1_36' title='bbox 1229 993 1292 1074; x_wconf 91' lang='lat' dir='ltr'><strong>per</strong></span> <span class='ocrx_word' id='word_1_37' title='bbox 1321 968 1378 1046; x_wconf 88' lang='lat' dir='ltr'><strong>iu·</strong></span> 
     </span>
     <span class='ocr_line' id='line_1_7' title="bbox 210 1088 1376 1188; baseline 0.003 -21"><span class='ocrx_word' id='word_1_38' title='bbox 210 1088 324 1168; x_wconf 90' lang='lat' dir='ltr'><strong>dioern</strong></span> <span class='ocrx_word' id='word_1_39' title='bbox 352 1091 629 1172; x_wconf 88' lang='lat' dir='ltr'><strong>ecclesiasticum</strong></span> <span class='ocrx_word' id='word_1_40' title='bbox 659 1107 721 1172; x_wconf 88' lang='lat' dir='ltr'><strong>aut</strong></span> <span class='ocrx_word' id='word_1_41' title='bbox 740 1093 846 1173; x_wconf 90' lang='lat' dir='ltr'><strong>etiam</strong></span> <span class='ocrx_word' id='word_1_42' title='bbox 867 1092 1009 1188; x_wconf 87' lang='lat' dir='ltr'><strong>laicum,</strong></span> <span class='ocrx_word' id='word_1_43' title='bbox 1033 1095 1106 1171; x_wconf 83' lang='lat' dir='ltr'><strong>sive</strong></span> <span class='ocrx_word' id='word_1_44' title='bbox 1122 1091 1376 1172; x_wconf 84' lang='lat' dir='ltr'><strong>entraiudicia-</strong></span> 
     </span>
     <span class='ocr_line' id='line_1_8' title="bbox 207 1211 1375 1318; baseline 0.004 -28"><span class='ocrx_word' id='word_1_45' title='bbox 207 1211 289 1291; x_wconf 86' lang='lat' dir='ltr'><strong>liter</strong></span> <span class='ocrx_word' id='word_1_46' title='bbox 321 1241 341 1292; x_wconf 84' lang='lat' dir='ltr'><strong>a</strong></span> <span class='ocrx_word' id='word_1_47' title='bbox 372 1217 522 1318; x_wconf 83' lang='lat' dir='ltr'><strong>coniuge</strong></span> <span class='ocrx_word' id='word_1_48' title='bbox 559 1242 729 1296; x_wconf 86' lang='lat' dir='ltr'><strong>converso</strong></span> <span class='ocrx_word' id='word_1_49' title='bbox 765 1216 939 1295; x_wconf 85' lang='lat' dir='ltr'>adhibitis</span> <span class='ocrx_word' id='word_1_50' title='bbox 967 1215 1140 1311; x_wconf 88' lang='lat' dir='ltr'><strong>testibus,</strong></span> <span class='ocrx_word' id='word_1_51' title='bbox 1182 1231 1222 1296; x_wconf 89' lang='lat' dir='ltr'><strong>ut</strong></span> <span class='ocrx_word' id='word_1_52' title='bbox 1258 1215 1375 1296; x_wconf 88' lang='lat' dir='ltr'><strong>satius</strong></span> 
     </span>
     <span class='ocr_line' id='line_1_9' title="bbox 208 1339 1372 1446; baseline 0.002 -30"><span class='ocrx_word' id='word_1_53' title='bbox 208 1351 263 1416; x_wconf 91' lang='lat' dir='ltr'><strong>est</strong></span> <span class='ocrx_word' id='word_1_54' title='bbox 291 1339 365 1443; x_wconf 90' lang='grc'><strong>(1),</strong></span> <span class='ocrx_word' id='word_1_55' title='bbox 398 1353 462 1418; x_wconf 90' lang='lat' dir='ltr'><strong>aut</strong></span> <span class='ocrx_word' id='word_1_56' title='bbox 489 1341 629 1437; x_wconf 81' lang='lat' dir='ltr'><strong>saltent,</strong></span> <span class='ocrx_word' id='word_1_57' title='bbox 661 1341 691 1420; x_wconf 90' lang='lat' dir='ltr'><strong>si</strong></span> <span class='ocrx_word' id='word_1_58' title='bbox 720 1341 824 1420; x_wconf 88' lang='lat' dir='ltr'><strong>aliter</strong></span> <span class='ocrx_word' id='word_1_59' title='bbox 850 1339 927 1420; x_wconf 90' lang='lat' dir='ltr'><strong>fieri</strong></span> <span class='ocrx_word' id='word_1_60' title='bbox 954 1355 1125 1445; x_wconf 81' lang='lat' dir='ltr'><strong>nequeat,</strong></span> <span class='ocrx_word' id='word_1_61' title='bbox 1157 1365 1219 1446; x_wconf 90' lang='lat' dir='ltr'><strong>per</strong></span> <span class='ocrx_word' id='word_1_62' title='bbox 1246 1339 1372 1418; x_wconf 87' lang='lat' dir='ltr'><strong>bouem</strong></span> 
     </span>
     <span class='ocr_line' id='line_1_10' title="bbox 207 1455 1375 1570; baseline 0.003 -32"><span class='ocrx_word' id='word_1_63' title='bbox 207 1455 369 1566; x_wconf 81' lang='lat' dir='ltr'><strong>aliquem</strong></span> <span class='ocrx_word' id='word_1_64' title='bbox 396 1461 644 1568; x_wconf 83' lang='lat' dir='ltr'><strong>interpositum</strong></span> <span class='ocrx_word' id='word_1_65' title='bbox 668 1463 947 1570; x_wconf 78' lang='lat' dir='ltr'><strong>prudentemque</strong></span> <span class='ocrx_word' id='word_1_66' title='bbox 971 1487 1159 1568; x_wconf 82' lang='lat' dir='ltr'><strong>personum</strong></span> <span class='ocrx_word' id='word_1_67' title='bbox 1178 1463 1248 1542; x_wconf 88' lang='lat' dir='ltr'><strong>erit</strong></span> <span class='ocrx_word' id='word_1_68' title='bbox 1262 1463 1375 1543; x_wconf 87' lang='lat' dir='ltr'><strong>inter·</strong></span> 
     </span>
     <span class='ocr_line' id='line_1_11' title="bbox 207 1583 500 1689; baseline 0.003 -26"><span class='ocrx_word' id='word_1_69' title='bbox 207 1583 398 1689; x_wconf 84' lang='lat' dir='ltr'><strong>pellendus</strong></span> <span class='ocrx_word' id='word_1_70' title='bbox 426 1585 440 1689; x_wconf 91' lang='lat'><strong>(</strong></span> <span class='ocrx_word' id='word_1_71' title='bbox 471 1587 500 1688; x_wconf 89' lang='lat'><strong>).</strong></span> 
     </span>
    </p>

    <p class='ocr_par' dir='ltr' id='par_1_4' title="bbox 207 1709 1376 2528">
     <span class='ocr_line' id='line_1_12' title="bbox 290 1709 1375 1815; baseline 0.003 -29"><span class='ocrx_word' id='word_1_72' title='bbox 290 1717 352 1788; x_wconf 87' lang='grc'><strong>18.</strong></span> <span class='ocrx_word' id='word_1_73' title='bbox 384 1713 514 1788; x_wconf 88' lang='lat' dir='ltr'><strong>Verum</strong></span> <span class='ocrx_word' id='word_1_74' title='bbox 542 1735 583 1789; x_wconf 90' lang='lat' dir='ltr'><strong>ea</strong></span> <span class='ocrx_word' id='word_1_75' title='bbox 602 1709 718 1815; x_wconf 88' lang='lat' dir='ltr'><strong>potior</strong></span> <span class='ocrx_word' id='word_1_76' title='bbox 736 1709 923 1790; x_wconf 85' lang='lat' dir='ltr'><strong>enodanda</strong></span> <span class='ocrx_word' id='word_1_77' title='bbox 942 1723 998 1790; x_wconf 87' lang='lat' dir='ltr'><strong>est</strong></span> <span class='ocrx_word' id='word_1_78' title='bbox 1012 1709 1217 1804; x_wconf 87' lang='lat' dir='ltr'><strong>difficultas,</strong></span> <span class='ocrx_word' id='word_1_79' title='bbox 1239 1711 1375 1790; x_wconf 88' lang='lat' dir='ltr'><strong>scilicet</strong></span> 
     </span>
     <span class='ocr_line' id='line_1_13' title="bbox 211 1830 1375 1938; baseline 0.003 -30"><span class='ocrx_word' id='word_1_80' title='bbox 211 1830 298 1937; x_wconf 91' lang='lat' dir='ltr'><strong>quid</strong></span> <span class='ocrx_word' id='word_1_81' title='bbox 325 1834 374 1910; x_wconf 86' lang='lat' dir='ltr'><strong>sit</strong></span> <span class='ocrx_word' id='word_1_82' title='bbox 400 1831 578 1935; x_wconf 77' lang='lat' dir='ltr'><strong>agendum</strong></span> <span class='ocrx_word' id='word_1_83' title='bbox 605 1832 749 1938; x_wconf 90' lang='lat' dir='ltr'><strong>quando</strong></span> <span class='ocrx_word' id='word_1_84' title='bbox 776 1834 905 1912; x_wconf 87' lang='lat' dir='ltr'><strong>coniux</strong></span> <span class='ocrx_word' id='word_1_85' title='bbox 924 1834 969 1912; x_wconf 89' lang='lat' dir='ltr'><strong>ad</strong></span> <span class='ocrx_word' id='word_1_86' title='bbox 984 1833 1088 1912; x_wconf 85' lang='lat' dir='ltr'><strong>iidem</strong></span> <span class='ocrx_word' id='word_1_87' title='bbox 1108 1859 1300 1914; x_wconf 82' lang='lat' dir='ltr'><strong>conversus</strong></span> <span class='ocrx_word' id='word_1_88' title='bbox 1318 1837 1375 1912; x_wconf 90' lang='lat' dir='ltr'><strong>in·-</strong></span> 
     </span>
     <span class='ocr_line' id='line_1_14' title="bbox 215 1953 1374 2063; baseline 0.003 -30.993"><span class='ocrx_word' id='word_1_89' title='bbox 215 1953 400 2061; x_wconf 84' lang='lat' dir='ltr'><strong>terpellare</strong></span> <span class='ocrx_word' id='word_1_90' title='bbox 428 1955 579 2035; x_wconf 88' lang='lat' dir='ltr'><strong>alterurn</strong></span> <span class='ocrx_word' id='word_1_91' title='bbox 608 1957 747 2062; x_wconf 87' lang='lat' dir='ltr'><strong>nequit,</strong></span> <span class='ocrx_word' id='word_1_92' title='bbox 766 2002 790 2016; x_wconf 93' lang='lat'>-</span> <span class='ocrx_word' id='word_1_93' title='bbox 809 1957 865 2034; x_wconf 88' lang='lat' dir='ltr'><strong>vel</strong></span> <span class='ocrx_word' id='word_1_94' title='bbox 892 1957 978 2061; x_wconf 91' lang='lat' dir='ltr'><strong>quia</strong></span> <span class='ocrx_word' id='word_1_95' title='bbox 993 1955 1148 2036; x_wconf 90' lang='lat' dir='ltr'><strong>infidelis</strong></span> <span class='ocrx_word' id='word_1_96' title='bbox 1166 1983 1237 2036; x_wconf 93' lang='lat' dir='ltr'><strong>uon</strong></span> <span class='ocrx_word' id='word_1_97' title='bbox 1256 1971 1374 2063; x_wconf 87' lang='lat' dir='ltr'><strong>potest</strong></span> 
     </span>
     <span class='ocr_line' id='line_1_15' title="bbox 211 2076 1376 2188; baseline 0.006 -33"><span class='ocrx_word' id='word_1_98' title='bbox 211 2076 315 2173; x_wconf 94' lang='lat' dir='ltr'><strong>adiri,</strong></span> <span class='ocrx_word' id='word_1_99' title='bbox 339 2123 363 2138; x_wconf 94' lang='lat'>-</span> <span class='ocrx_word' id='word_1_100' title='bbox 383 2079 438 2159; x_wconf 91' lang='lat' dir='ltr'><strong>vel</strong></span> <span class='ocrx_word' id='word_1_101' title='bbox 465 2080 551 2186; x_wconf 90' lang='lat' dir='ltr'><strong>quia</strong></span> <span class='ocrx_word' id='word_1_102' title='bbox 579 2106 651 2159; x_wconf 94' lang='lat' dir='ltr'><strong>non</strong></span> <span class='ocrx_word' id='word_1_103' title='bbox 678 2094 834 2175; x_wconf 86' lang='lat' dir='ltr'><strong>constat,</strong></span> <span class='ocrx_word' id='word_1_104' title='bbox 850 2105 1026 2186; x_wconf 88' lang='lat' dir='ltr'><strong>quaenam</strong></span> <span class='ocrx_word' id='word_1_105' title='bbox 1046 2107 1090 2160; x_wconf 83' lang='lat' dir='ltr'><strong>ex</strong></span> <span class='ocrx_word' id='word_1_106' title='bbox 1109 2081 1273 2186; x_wconf 89' lang='lat' dir='ltr'><strong>pluribus</strong></span> <span class='ocrx_word' id='word_1_107' title='bbox 1291 2109 1376 2188; x_wconf 91' lang='lat' dir='ltr'><strong>per·</strong></span> 
     </span>
     <span class='ocr_line' id='line_1_16' title="bbox 208 2202 1371 2312; baseline 0.004 -33"><span class='ocrx_word' id='word_1_108' title='bbox 208 2202 306 2281; x_wconf 91' lang='lat' dir='ltr'><strong>sonis</strong></span> <span class='ocrx_word' id='word_1_109' title='bbox 334 2202 381 2282; x_wconf 86' lang='lat' dir='ltr'><strong>sit</strong></span> <span class='ocrx_word' id='word_1_110' title='bbox 409 2203 684 2310; x_wconf 88' lang='lat' dir='ltr'><strong>interpellanda,</strong></span> <span class='ocrx_word' id='word_1_111' title='bbox 715 2229 761 2282; x_wconf 60' lang='lat' dir='ltr'><strong>e,</strong></span> <span class='ocrx_word' id='word_1_112' title='bbox 782 2231 835 2306; x_wconf 82' lang='lat' dir='ltr'><strong>gr.</strong></span> <span class='ocrx_word' id='word_1_113' title='bbox 866 2229 946 2283; x_wconf 90' lang='lat' dir='ltr'><strong>curn</strong></span> <span class='ocrx_word' id='word_1_114' title='bbox 966 2207 1163 2308; x_wconf 80' lang='lat' dir='ltr'><strong>ignoratur,</strong></span> <span class='ocrx_word' id='word_1_115' title='bbox 1194 2230 1371 2312; x_wconf 84' lang='lat' dir='ltr'><strong>quaenam</strong></span> 
     </span>
     <span class='ocr_line' id='line_1_17' title="bbox 207 2325 1373 2436; baseline 0.004 -30"><span class='ocrx_word' id='word_1_116' title='bbox 207 2351 226 2406; x_wconf 88' lang='lat' dir='ltr'><strong>e</strong></span> <span class='ocrx_word' id='word_1_117' title='bbox 254 2325 433 2430; x_wconf 89' lang='lat' dir='ltr'><strong>pluribus,</strong></span> <span class='ocrx_word' id='word_1_118' title='bbox 464 2353 554 2432; x_wconf 91' lang='lat' dir='ltr'><strong>quas</strong></span> <span class='ocrx_word' id='word_1_119' title='bbox 582 2331 664 2436; x_wconf 89' lang='lat' dir='ltr'><strong>quis</strong></span> <span class='ocrx_word' id='word_1_120' title='bbox 679 2327 788 2407; x_wconf 88' lang='lat' dir='ltr'><strong>babet</strong></span> <span class='ocrx_word' id='word_1_121' title='bbox 803 2328 858 2408; x_wconf 87' lang='lat' dir='ltr'><strong>vel</strong></span> <span class='ocrx_word' id='word_1_122' title='bbox 875 2328 1015 2424; x_wconf 88' lang='lat' dir='ltr'><strong>babuit,</strong></span> <span class='ocrx_word' id='word_1_123' title='bbox 1039 2329 1195 2432; x_wconf 80' lang='lat' dir='ltr'><strong>legitima</strong></span> <span class='ocrx_word' id='word_1_124' title='bbox 1209 2333 1255 2412; x_wconf 87' lang='lat' dir='ltr'><strong>sit</strong></span> <span class='ocrx_word' id='word_1_125' title='bbox 1275 2333 1373 2411; x_wconf 90' lang='lat' dir='ltr'><strong>eius·</strong></span> 
     </span>
     <span class='ocr_line' id='line_1_18' title="bbox 207 2445 417 2528; baseline 0 -1"><span class='ocrx_word' id='word_1_126' title='bbox 207 2445 286 2528; x_wconf 90' lang='lat' dir='ltr'><strong>dem</strong></span> <span class='ocrx_word' id='word_1_127' title='bbox 315 2475 417 2528; x_wconf 84' lang='lat' dir='ltr'><strong>uror.</strong></span> 
     </span>
    </p>

    <p class='ocr_par' dir='ltr' id='par_1_5' title="bbox 202 2571 1373 4166">
     <span class='ocr_line' id='line_1_19' title="bbox 288 2571 1367 2680; baseline 0.006 -30"><span class='ocrx_word' id='word_1_128' title='bbox 288 2581 350 2651; x_wconf 84' lang='grc'><strong>19.</strong></span> <span class='ocrx_word' id='word_1_129' title='bbox 384 2576 429 2651; x_wconf 87' lang='lat' dir='ltr'><strong>Et</strong></span> <span class='ocrx_word' id='word_1_130' title='bbox 450 2571 569 2676; x_wconf 85' lang='lat' dir='ltr'><strong>primo</strong></span> <span class='ocrx_word' id='word_1_131' title='bbox 596 2571 740 2678; x_wconf 89' lang='lat' dir='ltr'><strong>quidem</strong></span> <span class='ocrx_word' id='word_1_132' title='bbox 768 2575 968 2677; x_wconf 86' lang='lat' dir='ltr'><strong>quaeritur,</strong></span> <span class='ocrx_word' id='word_1_133' title='bbox 999 2575 1086 2680; x_wconf 92' lang='lat' dir='ltr'><strong>quid</strong></span> <span class='ocrx_word' id='word_1_134' title='bbox 1115 2576 1290 2680; x_wconf 84' lang='lat' dir='ltr'><strong>agendum</strong></span> <span class='ocrx_word' id='word_1_135' title='bbox 1319 2579 1367 2656; x_wconf 88' lang='lat' dir='ltr'><strong>sit</strong></span> 
     </span>
     <span class='ocr_line' id='line_1_20' title="bbox 205 2695 1371 2804; baseline 0.005 -30"><span class='ocrx_word' id='word_1_136' title='bbox 205 2695 349 2802; x_wconf 94' lang='lat' dir='ltr'><strong>quando</strong></span> <span class='ocrx_word' id='word_1_137' title='bbox 376 2695 597 2802; x_wconf 86' lang='lat' dir='ltr'><strong>interpellari</strong></span> <span class='ocrx_word' id='word_1_138' title='bbox 626 2695 779 2776; x_wconf 85' lang='lat' dir='ltr'><strong>infidelis</strong></span> <span class='ocrx_word' id='word_1_139' title='bbox 808 2721 879 2774; x_wconf 89' lang='lat' dir='ltr'><strong>non</strong></span> <span class='ocrx_word' id='word_1_140' title='bbox 906 2712 1025 2802; x_wconf 91' lang='lat' dir='ltr'><strong>potest</strong></span> <span class='ocrx_word' id='word_1_141' title='bbox 1043 2725 1087 2778; x_wconf 85' lang='lat' dir='ltr'><strong>er</strong></span> <span class='ocrx_word' id='word_1_142' title='bbox 1102 2699 1226 2804; x_wconf 84' lang='lat' dir='ltr'><strong>primu</strong></span> <span class='ocrx_word' id='word_1_143' title='bbox 1245 2727 1371 2788; x_wconf 83' lang='lat' dir='ltr'><strong>causo,</strong></span> 
     </span>
     <span class='ocr_line' id='line_1_21' title="bbox 205 2817 1371 2924; baseline 0.004 -26"><span class='ocrx_word' id='word_1_144' title='bbox 205 2819 291 2924; x_wconf 87' lang='lat' dir='ltr'><strong>quia</strong></span> <span class='ocrx_word' id='word_1_145' title='bbox 320 2817 456 2899; x_wconf 87' lang='lat' dir='ltr'><strong>seilicet</strong></span> <span class='ocrx_word' id='word_1_146' title='bbox 490 2819 634 2898; x_wconf 89' lang='lat' dir='ltr'><strong>ubinam</strong></span> <span class='ocrx_word' id='word_1_147' title='bbox 663 2819 710 2898; x_wconf 91' lang='lat' dir='ltr'><strong>sit</strong></span> <span class='ocrx_word' id='word_1_148' title='bbox 737 2821 936 2923; x_wconf 83' lang='lat' dir='ltr'><strong>ignoratur,</strong></span> <span class='ocrx_word' id='word_1_149' title='bbox 968 2822 1023 2900; x_wconf 88' lang='lat' dir='ltr'><strong>vel</strong></span> <span class='ocrx_word' id='word_1_150' title='bbox 1053 2822 1141 2902; x_wconf 89' lang='lat' dir='ltr'><strong>adeo</strong></span> <span class='ocrx_word' id='word_1_151' title='bbox 1173 2823 1298 2916; x_wconf 88' lang='lat' dir='ltr'><strong>distat,</strong></span> <span class='ocrx_word' id='word_1_152' title='bbox 1329 2837 1371 2903; x_wconf 86' lang='lat' dir='ltr'><strong>ut</strong></span> 
     </span>
     <span class='ocr_line' id='line_1_22' title="bbox 204 2943 1371 3048; baseline 0.004 -27"><span class='ocrx_word' id='word_1_153' title='bbox 204 2943 352 3022; x_wconf 87' lang='lat' dir='ltr'><strong>monitio</strong></span> <span class='ocrx_word' id='word_1_154' title='bbox 379 2943 559 3022; x_wconf 88' lang='lat' dir='ltr'><strong>moraliter</strong></span> <span class='ocrx_word' id='word_1_155' title='bbox 588 2943 816 3048; x_wconf 86' lang='lat' dir='ltr'><strong>impossibilis</strong></span> <span class='ocrx_word' id='word_1_156' title='bbox 845 2958 1048 3025; x_wconf 76' lang='lat' dir='ltr'><strong>censeatur.</strong></span> <span class='ocrx_word' id='word_1_157' title='bbox 1080 2945 1155 3024; x_wconf 87' lang='lat' dir='ltr'><strong>Dici</strong></span> <span class='ocrx_word' id='word_1_158' title='bbox 1184 2950 1277 3026; x_wconf 89' lang='lat' dir='ltr'><strong>eninr</strong></span> <span class='ocrx_word' id='word_1_159' title='bbox 1306 2971 1371 3025; x_wconf 92' lang='lat' dir='ltr'><strong>ne-</strong></span> 
     </span>
     <span class='ocr_line' id='line_1_23' title="bbox 203 3066 1372 3174; baseline 0 -26"><span class='ocrx_word' id='word_1_160' title='bbox 203 3071 296 3174; x_wconf 86' lang='lat' dir='ltr'><strong>quit,</strong></span> <span class='ocrx_word' id='word_1_161' title='bbox 328 3067 496 3148; x_wconf 88' lang='lat' dir='ltr'><strong>moralem</strong></span> <span class='ocrx_word' id='word_1_162' title='bbox 524 3081 611 3146; x_wconf 90' lang='lat' dir='ltr'><strong>tunc</strong></span> <span class='ocrx_word' id='word_1_163' title='bbox 639 3066 763 3146; x_wconf 90' lang='lat' dir='ltr'><strong>haberi</strong></span> <span class='ocrx_word' id='word_1_164' title='bbox 791 3067 1041 3148; x_wconf 80' lang='lat' dir='ltr'><strong>certitudinem</strong></span> <span class='ocrx_word' id='word_1_165' title='bbox 1069 3069 1113 3147; x_wconf 92' lang='lat' dir='ltr'><strong>de</strong></span> <span class='ocrx_word' id='word_1_166' title='bbox 1133 3070 1286 3148; x_wconf 85' lang='lat' dir='ltr'><strong>infidelis</strong></span> <span class='ocrx_word' id='word_1_167' title='bbox 1305 3070 1372 3149; x_wconf 91' lang='lat' dir='ltr'><strong>ob-</strong></span> 
     </span>
     <span class='ocr_line' id='line_1_24' title="bbox 202 3187 1372 3298; baseline 0.001 -25"><span class='ocrx_word' id='word_1_168' title='bbox 202 3193 397 3273; x_wconf 84' lang='lat' dir='ltr'><strong>stinatione</strong></span> <span class='ocrx_word' id='word_1_169' title='bbox 430 3191 466 3269; x_wconf 94' lang='lat' dir='ltr'><strong>in</strong></span> <span class='ocrx_word' id='word_1_170' title='bbox 498 3191 651 3271; x_wconf 79' lang='lat' dir='ltr'><strong>discessu</strong></span> <span class='ocrx_word' id='word_1_171' title='bbox 684 3192 728 3269; x_wconf 88' lang='lat' dir='ltr'><strong>ad</strong></span> <span class='ocrx_word' id='word_1_172' title='bbox 761 3215 905 3270; x_wconf 87' lang='lat' dir='ltr'><strong>sensuro</strong></span> <span class='ocrx_word' id='word_1_173' title='bbox 941 3187 1084 3297; x_wconf 85' lang='lat' dir='ltr'><strong>phrasis</strong></span> <span class='ocrx_word' id='word_1_174' title='bbox 1121 3193 1293 3298; x_wconf 76' lang='lat' dir='ltr'><strong>Apostoli,</strong></span> <span class='ocrx_word' id='word_1_175' title='bbox 1334 3209 1372 3274; x_wconf 89' lang='lat' dir='ltr'><strong>et</strong></span> 
     </span>
     <span class='ocr_line' id='line_1_25' title="bbox 203 3315 1371 3424; baseline 0.002 -28"><span class='ocrx_word' id='word_1_176' title='bbox 203 3329 462 3422; x_wconf 88' lang='lat' dir='ltr'><strong>consequenter</strong></span> <span class='ocrx_word' id='word_1_177' title='bbox 490 3315 525 3394; x_wconf 89' lang='lat' dir='ltr'><strong>in</strong></span> <span class='ocrx_word' id='word_1_178' title='bbox 555 3341 640 3394; x_wconf 90' lang='lat' dir='ltr'><strong>casu</strong></span> <span class='ocrx_word' id='word_1_179' title='bbox 669 3315 766 3394; x_wconf 90' lang='lat' dir='ltr'><strong>baud</strong></span> <span class='ocrx_word' id='word_1_180' title='bbox 786 3341 875 3421; x_wconf 88' lang='lat' dir='ltr'><strong>opus</strong></span> <span class='ocrx_word' id='word_1_181' title='bbox 898 3341 975 3395; x_wconf 85' lang='lat' dir='ltr'><strong>esse</strong></span> <span class='ocrx_word' id='word_1_182' title='bbox 1005 3318 1306 3424; x_wconf 85' lang='lat' dir='ltr'><strong>interpellatione,</strong></span> <span class='ocrx_word' id='word_1_183' title='bbox 1329 3332 1371 3397; x_wconf 89' lang='lat' dir='ltr'><strong>ut</strong></span> 
     </span>
     <span class='ocr_line' id='line_1_26' title="bbox 204 3440 1366 3548; baseline -0.003 -26"><span class='ocrx_word' id='word_1_184' title='bbox 204 3443 326 3548; x_wconf 91' lang='lat' dir='ltr'><strong>plures</strong></span> <span class='ocrx_word' id='word_1_185' title='bbox 359 3441 571 3536; x_wconf 88' lang='lat' dir='ltr'><strong>docuerunt,</strong></span> <span class='ocrx_word' id='word_1_186' title='bbox 608 3467 697 3546; x_wconf 92' lang='lat' dir='ltr'><strong>quos</strong></span> <span class='ocrx_word' id='word_1_187' title='bbox 730 3440 817 3520; x_wconf 90' lang='lat' dir='ltr'><strong>citat</strong></span> <span class='ocrx_word' id='word_1_188' title='bbox 844 3454 880 3520; x_wconf 89' lang='lat' dir='ltr'><strong>et</strong></span> <span class='ocrx_word' id='word_1_189' title='bbox 906 3442 1069 3548; x_wconf 89' lang='lat' dir='ltr'><strong>sequitur</strong></span> <span class='ocrx_word' id='word_1_190' title='bbox 1106 3443 1264 3522; x_wconf 88' lang='lat' dir='ltr'><strong>Sanchez</strong></span> <span class='ocrx_word' id='word_1_191' title='bbox 1292 3443 1307 3548; x_wconf 90' lang='lat'>(</span> <span class='ocrx_word' id='word_1_192' title='bbox 1336 3442 1366 3548; x_wconf 94' lang='lat'><strong>).</strong></span> 
     </span>
     <span class='ocr_line' id='line_1_27' title="bbox 204 3563 1369 3671; baseline -0.001 -26"><span class='ocrx_word' id='word_1_193' title='bbox 204 3566 307 3645; x_wconf 88' lang='lat' dir='ltr'><strong>Ultro</strong></span> <span class='ocrx_word' id='word_1_194' title='bbox 334 3564 427 3643; x_wconf 90' lang='lat' dir='ltr'><strong>enim</strong></span> <span class='ocrx_word' id='word_1_195' title='bbox 455 3563 621 3642; x_wconf 89' lang='lat' dir='ltr'><strong>dabimus</strong></span> <span class='ocrx_word' id='word_1_196' title='bbox 647 3563 743 3668; x_wconf 94' lang='lat' dir='ltr'><strong>quod</strong></span> <span class='ocrx_word' id='word_1_197' title='bbox 772 3563 862 3642; x_wconf 90' lang='lat' dir='ltr'><strong>alter</strong></span> <span class='ocrx_word' id='word_1_198' title='bbox 880 3565 1009 3644; x_wconf 83' lang='lat' dir='ltr'><strong>coniux</strong></span> <span class='ocrx_word' id='word_1_199' title='bbox 1028 3591 1091 3671; x_wconf 91' lang='lat' dir='ltr'><strong>spe</strong></span> <span class='ocrx_word' id='word_1_200' title='bbox 1111 3565 1259 3645; x_wconf 86' lang='lat' dir='ltr'><strong>destitui</strong></span> <span class='ocrx_word' id='word_1_201' title='bbox 1281 3566 1369 3644; x_wconf 91' lang='lat' dir='ltr'><strong>lorte</strong></span> 
     </span>
     <span class='ocr_line' id='line_1_28' title="bbox 205 3685 1373 3794; baseline 0.001 -27"><span class='ocrx_word' id='word_1_202' title='bbox 205 3689 319 3794; x_wconf 88' lang='lat' dir='ltr'><strong>possit</strong></span> <span class='ocrx_word' id='word_1_203' title='bbox 346 3715 450 3766; x_wconf 89' lang='lat' dir='ltr'><strong>suom</strong></span> <span class='ocrx_word' id='word_1_204' title='bbox 478 3685 713 3794; x_wconf 90' lang='lat' dir='ltr'><strong>recuperandi</strong></span> <span class='ocrx_word' id='word_1_205' title='bbox 741 3687 944 3790; x_wconf 82' lang='lat' dir='ltr'><strong>coniugem:</strong></span> <span class='ocrx_word' id='word_1_206' title='bbox 976 3702 1013 3767; x_wconf 89' lang='lat' dir='ltr'><strong>at</strong></span> <span class='ocrx_word' id='word_1_207' title='bbox 1041 3713 1124 3768; x_wconf 84' lang='lat' dir='ltr'><strong>vero</strong></span> <span class='ocrx_word' id='word_1_208' title='bbox 1153 3713 1195 3768; x_wconf 81' lang='lat' dir='ltr'><strong>ex</strong></span> <span class='ocrx_word' id='word_1_209' title='bbox 1220 3713 1260 3767; x_wconf 91' lang='lat' dir='ltr'><strong>ea</strong></span> <span class='ocrx_word' id='word_1_210' title='bbox 1290 3701 1373 3768; x_wconf 88' lang='lat' dir='ltr'><strong>tan-</strong></span> 
     </span>
     <span class='ocr_line' id='line_1_29' title="bbox 206 3805 1366 3918; baseline 0.002 -28"><span class='ocrx_word' id='word_1_211' title='bbox 206 3825 281 3892; x_wconf 85' lang='lat' dir='ltr'><strong>turn</strong></span> <span class='ocrx_word' id='word_1_212' title='bbox 310 3813 448 3892; x_wconf 89' lang='lat' dir='ltr'><strong>ratione</strong></span> <span class='ocrx_word' id='word_1_213' title='bbox 479 3805 575 3918; x_wconf 93' lang='lat' dir='ltr'><strong>quod</strong></span> <span class='ocrx_word' id='word_1_214' title='bbox 607 3811 890 3918; x_wconf 89' lang='lat' dir='ltr'><strong>interpellandus</strong></span> <span class='ocrx_word' id='word_1_215' title='bbox 927 3814 1056 3892; x_wconf 82' lang='lat' dir='ltr'><strong>coniux</strong></span> <span class='ocrx_word' id='word_1_216' title='bbox 1090 3812 1180 3891; x_wconf 89' lang='lat' dir='ltr'><strong>adiri</strong></span> <span class='ocrx_word' id='word_1_217' title='bbox 1217 3813 1366 3918; x_wconf 87' lang='lat' dir='ltr'><strong>nequit,</strong></span> 
     </span>
     <span class='ocr_line' id='line_1_30' title="bbox 205 3931 1373 4040; baseline 0.001 -29"><span class='ocrx_word' id='word_1_218' title='bbox 205 3937 306 4038; x_wconf 82' lang='lat' dir='ltr'><strong>argui</strong></span> <span class='ocrx_word' id='word_1_219' title='bbox 334 3949 370 4014; x_wconf 87' lang='lat' dir='ltr'><strong>et</strong></span> <span class='ocrx_word' id='word_1_220' title='bbox 406 3935 531 4014; x_wconf 90' lang='lat' dir='ltr'><strong>baberi</strong></span> <span class='ocrx_word' id='word_1_221' title='bbox 562 3961 665 4040; x_wconf 90' lang='lat' dir='ltr'><strong>posse</strong></span> <span class='ocrx_word' id='word_1_222' title='bbox 698 3931 866 4014; x_wconf 87' lang='lat' dir='ltr'><strong>moralem</strong></span> <span class='ocrx_word' id='word_1_223' title='bbox 903 3935 1152 4015; x_wconf 87' lang='lat' dir='ltr'><strong>certitudinem</strong></span> <span class='ocrx_word' id='word_1_224' title='bbox 1190 3935 1284 4039; x_wconf 92' lang='lat' dir='ltr'><strong>quod</strong></span> <span class='ocrx_word' id='word_1_225' title='bbox 1313 3935 1373 4013; x_wconf 92' lang='lat' dir='ltr'><strong>hic</strong></span> 
     </span>
     <span class='ocr_line' id='line_1_31' title="bbox 205 4059 1369 4166; baseline -0.001 -29"><span class='ocrx_word' id='word_1_226' title='bbox 205 4061 294 4140; x_wconf 92' lang='lat' dir='ltr'><strong>nolit</strong></span> <span class='ocrx_word' id='word_1_227' title='bbox 322 4075 384 4141; x_wconf 85' lang='lat' dir='ltr'><strong>aut</strong></span> <span class='ocrx_word' id='word_1_228' title='bbox 404 4061 576 4156; x_wconf 89' lang='lat' dir='ltr'><strong>converti,</strong></span> <span class='ocrx_word' id='word_1_229' title='bbox 600 4072 662 4138; x_wconf 84' lang='lat' dir='ltr'><strong>aut</strong></span> <span class='ocrx_word' id='word_1_230' title='bbox 682 4059 846 4140; x_wconf 89' lang='lat' dir='ltr'><strong>babitare</strong></span> <span class='ocrx_word' id='word_1_231' title='bbox 866 4059 1010 4166; x_wconf 87' lang='lat' dir='ltr'><strong>pacifice</strong></span> <span class='ocrx_word' id='word_1_232' title='bbox 1029 4061 1106 4140; x_wconf 88' lang='lat' dir='ltr'><strong>sine</strong></span> <span class='ocrx_word' id='word_1_233' title='bbox 1126 4071 1270 4166; x_wconf 88' lang='lat' dir='ltr'><strong>peccato</strong></span> <span class='ocrx_word' id='word_1_234' title='bbox 1290 4084 1369 4137; x_wconf 89' lang='lat' dir='ltr'><strong>curn</strong></span> 
     </span>
    </p>
   </div>
   <div class='ocr_carea' id='block_1_3' title="bbox 274 4287 1192 4359">
    <p class='ocr_par' dir='ltr' id='par_1_6' title="bbox 274 4287 1192 4359">
     <span class='ocr_line' id='line_1_32' title="bbox 274 4287 1192 4359; baseline 0 -13"><span class='ocrx_word' id='word_1_235' title='bbox 274 4288 310 4359; x_wconf 83' lang='lat'><strong>(1)</strong></span> <span class='ocrx_word' id='word_1_236' title='bbox 329 4289 376 4346; x_wconf 87' lang='lat' dir='ltr'><strong>Clr</strong></span> <span class='ocrx_word' id='word_1_237' title='bbox 393 4287 563 4348; x_wconf 80' lang='lat' dir='ltr'><strong>clericatum</strong></span> <span class='ocrx_word' id='word_1_238' title='bbox 583 4291 616 4347; x_wconf 84' lang='lat' dir='ltr'><strong>de</strong></span> <span class='ocrx_word' id='word_1_239' title='bbox 633 4290 768 4347; x_wconf 82' lang='lat' dir='ltr'><strong>matrim.</strong></span> <span class='ocrx_word' id='word_1_240' title='bbox 790 4291 837 4348; x_wconf 87' lang='lat' dir='ltr'><strong>cit.</strong></span> <span class='ocrx_word' id='word_1_241' title='bbox 858 4290 942 4348; x_wconf 81' lang='lat' dir='ltr'><strong>decis.</strong></span> <span class='ocrx_word' id='word_1_242' title='bbox 965 4295 1006 4346; x_wconf 91' lang='grc'><strong>11.</strong></span> <span class='ocrx_word' id='word_1_243' title='bbox 1028 4307 1080 4348; x_wconf 86' lang='lat' dir='ltr'><strong>uu.</strong></span> <span class='ocrx_word' id='word_1_244' title='bbox 1102 4293 1192 4348; x_wconf 63' lang='lat' dir='ltr'><strong>tw.</strong></span> 
     </span>
    </p>
   </div>
   <div class='ocr_carea' id='block_1_4' title="bbox 274 4378 1068 4541">
    <p class='ocr_par' dir='ltr' id='par_1_7' title="bbox 274 4378 1068 4541">
     <span class='ocr_line' id='line_1_33' title="bbox 274 4378 1068 4449; baseline 0.001 -15"><span class='ocrx_word' id='word_1_245' title='bbox 274 4379 311 4449; x_wconf 74' lang='lat'><strong>(2)</strong></span> <span class='ocrx_word' id='word_1_246' title='bbox 329 4378 414 4436; x_wconf 89' lang='lat' dir='ltr'><strong>Plura</strong></span> <span class='ocrx_word' id='word_1_247' title='bbox 433 4394 469 4436; x_wconf 82' lang='lat' dir='ltr'><strong>en</strong></span> <span class='ocrx_word' id='word_1_248' title='bbox 487 4379 534 4436; x_wconf 85' lang='lat' dir='ltr'><strong>eit.</strong></span> <span class='ocrx_word' id='word_1_249' title='bbox 554 4380 751 4438; x_wconf 77' lang='lat' dir='ltr'><strong>restructione</strong></span> <span class='ocrx_word' id='word_1_250' title='bbox 769 4379 825 4436; x_wconf 86' lang='lat' dir='ltr'><strong>diei</strong></span> <span class='ocrx_word' id='word_1_251' title='bbox 846 4385 879 4437; x_wconf 81' lang='grc'><strong>19</strong></span> <span class='ocrx_word' id='word_1_252' title='bbox 899 4379 970 4437; x_wconf 80' lang='lat' dir='ltr'><strong>tutti</strong></span> <span class='ocrx_word' id='word_1_253' title='bbox 991 4385 1068 4436; x_wconf 78' lang='lat' dir='ltr'><strong>tate.</strong></span> 
     </span>
     <span class='ocr_line' id='line_1_34' title="bbox 276 4465 851 4541; baseline 0 -18"><span class='ocrx_word' id='word_1_254' title='bbox 276 4465 309 4538; x_wconf 74' lang='grc'><strong>(31</strong></span> <span class='ocrx_word' id='word_1_255' title='bbox 329 4467 456 4525; x_wconf 89' lang='lat' dir='ltr'><strong>Sanchez</strong></span> <span class='ocrx_word' id='word_1_256' title='bbox 477 4468 528 4525; x_wconf 84' lang='lat' dir='ltr'><strong>lib.</strong></span> <span class='ocrx_word' id='word_1_257' title='bbox 549 4473 576 4526; x_wconf 86' lang='grc'><strong>7.</strong></span> <span class='ocrx_word' id='word_1_258' title='bbox 597 4469 672 4541; x_wconf 67' lang='lat' dir='ltr'><strong>disp,</strong></span> <span class='ocrx_word' id='word_1_259' title='bbox 693 4473 737 4524; x_wconf 87' lang='grc'><strong>71.</strong></span> <span class='ocrx_word' id='word_1_260' title='bbox 757 4483 786 4524; x_wconf 84' lang='lat' dir='ltr'><strong>u.</strong></span> <span class='ocrx_word' id='word_1_261' title='bbox 808 4472 851 4523; x_wconf 88' lang='grc'><strong>11.</strong></span> 
     </span>
    </p>
   </div>
   <div class='ocr_carea' id='block_1_5' title="bbox 0 0 1732 5300">
    <p class='ocr_par' dir='ltr' id='par_1_8' title="bbox 0 0 1732 5300">
     <span class='ocr_line' id='line_1_35' title="bbox 0 0 1732 5300; baseline 0 1"><span class='ocrx_word' id='word_1_262' title='bbox 0 0 1732 5300; x_wconf 95' lang='lat' dir='ltr'><strong> </strong></span> 
     </span>
    </p>
   </div>
  </div>
 </body>
</html>
