3402 5292
848 327 885 342 -
905 295 965 356 see
989 327 1023 342 -

344 423 542 522 potentiam
572 415 615 496 ad
644 417 806 522 copulam
836 433 959 524 aperte
987 415 1194 522 letetur)co'
1222 415 1391 520 temporis
1420 413 1513 492 lacta

345 567 417 646 quc
444 543 475 620 is
502 541 661 620 medicus
694 544 849 622 amicitia
869 544 942 622 Caii
962 541 1161 622 fruebatur.
1198 539 1313 618 Testis
1340 537 1434 618 enim
1460 537 1516 616 iu'·

345 677 506 744 ramento
542 665 711 771 deponit:
744 668 930 746 llitornata
959 667 1085 771 casata
1111 665 1178 769 (da
1212 662 1363 770 Napoli)
1392 662 1431 740 in
1446 687 1515 768 po·

348 789 421 866 tria
450 787 484 865 lo
511 815 609 893 sposo
646 789 712 894 sip.
750 791 849 878 Gaio,
878 817 941 896 per
969 790 1006 868 la
1034 789 1237 894 confideoea
1266 788 1325 866 abe
1343 812 1433 865 aceo
1452 809 1515 862 cen

346 937 417 998 me,
446 911 497 990 mi
524 913 734 992 assicoraoo
753 915 813 996 ebe
840 915 1030 994 rectaene
1062 939 1131 992 octa
1160 939 1272 994 oceno
1300 921 1427 1017 potato
1454 933 1515 1013 po·

348 1036 430 1116 dere
458 1035 553 1116 della
580 1037 707 1141 moplie
721 1065 787 1144 per
814 1051 984 1120 manento
999 1051 1176 1144 potenza:
1204 1033 1515 1142 soppiuapendomi

344 1183 436 1264 pare
464 1160 502 1240 di
516 1186 602 1240 acer
621 1161 819 1259 eorcsoltato
846 1163 884 1242 in
912 1163 1046 1268 Napoli
1073 1162 1101 1240 il
1129 1162 1196 1266 sip.
1224 1161 1406 1266 professor
1429 1158 1516 1236 Gia-

348 1313 466 1393 seppe,
495 1288 542 1366 da
569 1289 627 1366 cui
654 1289 859 1394 oenioonpli
883 1289 1067 1396 prescritti
1094 1289 1227 1368 diversi
1254 1285 1396 1366 rimedii
1415 1285 1516 1388 afro-

348 1412 489 1492 disiaci.
522 1421 665 1492 latente
693 1414 731 1490 in
759 1415 893 1518 sepuito
921 1415 979 1494 dei
1006 1415 1150 1494 rimedii
1169 1412 1370 1494 soddettisi
1398 1412 1517 1492 mani·

347 1523 528 1642 sestbrono
539 1537 644 1641 pocbi
657 1537 777 1641 piaroi
790 1539 879 1644 dopo
896 1539 986 1618 delle
995 1537 1135 1644 pactole
1162 1563 1344 1618 numerose
1362 1537 1517 1614 limitata

349 1661 423 1742 olle
445 1663 549 1767 parti
576 1662 742 1768 penitali,
770 1689 863 1742 casce
890 1691 909 1743 e
935 1664 1099 1749 addome,
1128 1675 1401 1769 accompapnate
1424 1685 1516 1766 pure

349 1785 398 1864 da
426 1783 570 1889 faidam·
597 1785 636 1864 di
655 1786 707 1864 tal
726 1787 785 1866 cla
804 1813 854 1866 ec.
874 1789 1012 1893 (Actor.
1038 1787 1104 1892 fol.
1140 1787 1245 1890 165).
1268 1783 1517 1866 -Notandum

351 1909 505 2012 denique
534 1910 628 2012 quod
658 1935 728 1989 uon
756 1911 841 2006 duo,
874 1912 935 1990 scd
964 1911 1084 1990 decern
1113 1924 1148 1990 et
1176 1936 1301 1990 novem
1332 1921 1441 1988 testes
1473 1933 1516 1986 er

352 2032 535 2138 productis
560 2033 597 2112 iu
638 2034 797 2130 iudicio,
832 2038 940 2114 iurati
970 2050 1149 2116 testentur
1178 2037 1222 2116 de
1249 2036 1393 2141 publica
1422 2035 1515 2112 lama

351 2159 592 2264 proclamante
612 2158 881 2238 antecedentem
909 2186 951 2238 ac
977 2161 1212 2240 insanabilem
1227 2185 1291 2238 seu
1306 2172 1515 2264 perpetuam

352 2282 424 2362 Caii
445 2282 690 2386 impotentiam
714 2282 756 2360 ad
779 2282 954 2387 copulam3
989 2299 1027 2362 et
1056 2284 1092 2362 bi
1121 2298 1232 2364 testes
1270 2283 1516 2389 praeseferunt

352 2405 471 2484 omnia
501 2406 672 2509 requisita
694 2432 713 2482 a
733 2406 810 2484 iure
833 2409 1053 2512 praescripta
1080 2421 1117 2486 et
1151 2410 1270 2484 abo.
1304 2406 1435 2485 tradita
1471 2393 1515 2484 ad

353 2529 459 2610 fidem
479 2529 516 2608 in
536 2527 667 2608 iudicio
685 2528 882 2608 faciendam
902 2557 945 2609 er
965 2529 1109 2636 publica
1124 2529 1217 2608 lerna
1233 2531 1317 2636 (Gsr
1337 2529 1512 2610 llascard.

356 2652 473 2732 Coraci.
500 2655 704 2758 lto-750).

428 2785 491 2856 22.
524 2779 576 2854 Ex
606 2773 661 2854 bis
680 2775 844 2854 omnibus
863 2777 1008 2856 testium
1028 2776 1314 2881 depositionibus
1334 2778 1515 2856 iuramen-

351 2903 379 2982 ti
402 2900 571 3003 religione
596 2899 743 2978 firmatis
771 2901 1053 2980 luculentissime
1081 2914 1221 2980 constat
1254 2913 1288 2980 l.
1314 2904 1435 2980 Caium
1464 2902 1517 2978 la-

349 3025 477 3104 borare
505 3023 716 3129 impotentia
744 3023 913 3116 coeondi;
928 3069 952 3084 -
974 3034 1012 3102 9.
1044 3025 1137 3104 barro
1166 3025 1410 3132 impotentiam
1439 3051 1515 3106 esse

350 3151 493 3230 omuino
512 3159 660 3234 cartam,
682 3173 752 3226 non
772 3147 935 3244 dubiam3
960 3191 983 3208 -
1003 3157 1040 3228 3.
1064 3173 1141 3228 esse
1166 3149 1422 3228 antecedentem
1443 3177 1517 3228 me-

351 3273 517 3352 trimonio
547 3273 636 3350 inito
663 3297 741 3350 cum
770 3271 885 3366 lulia3
914 3317 938 3330 -
960 3280 996 3350 l.
1028 3297 1105 3352 esse
1134 3271 1331 3351 absolutam
1361 3300 1434 3352 nou
1462 3299 1517 3352 re·

351 3397 520 3490 lativam3
539 3439 563 3454 -
583 3403 620 3474 5.
652 3419 729 3474 esse
749 3395 951 3496 organicam
980 3421 1044 3474 seu
1071 3421 1115 3474 en
1134 3405 1283 3482 notare,
1304 3422 1376 3474 uon
1395 3424 1439 3476 er
1459 3421 1517 3476 ac·

352 3519 510 3613 cidcnti;
534 3563 558 3578 -
578 3525 615 3596 6.
647 3517 738 3596 tales
757 3517 911 3622 derrique
939 3545 1017 3596 earu
1036 3521 1256 3624 praeseferre
1275 3521 1513 3616 characteres,

350 3657 393 3722 ut
422 3657 500 3722 tuto
528 3641 678 3720 iudicari
707 3642 832 3744 possit,
863 3667 942 3720 earn
968 3667 1047 3722 esse
1072 3656 1296 3749 perpetuam.
1314 3645 1517 3748 -Ooiuque

352 3768 489 3872 priores
517 3767 761 3846 conclusiones
797 3766 983 3845 evidenter
1011 3767 1128 3846 lluunt
1160 3793 1202 3846 err
1231 3769 1350 3846 allatis
1378 3767 1520 3872 deposi-

352 3891 525 3984 tionibus,
556 3904 594 3970 et
621 3889 840 3993 superfluum
869 3888 958 3968 leret
985 3917 1048 3968 aas
1077 3892 1230 3970 ulterius
1252 3891 1477 3971 confirmare.
1495 3935 1518 3952 -

352 4019 460 4094 Sexta
477 4025 614 4092 tanturn
634 4013 828 4106 conclusio,
859 4039 951 4116 quae
972 4014 1090 4094 adbuc
1105 4027 1225 4119 posset
1243 4013 1392 4094 dubium
1406 4015 1518 4094 menti

353 4139 529 4241 ingerere,
560 4137 693 4242 quippe
722 4151 832 4216 testes
860 4135 904 4214 de
932 4140 1162 4242 impotentiae
1188 4138 1426 4243 perpetuitate
1455 4167 1520 4220 nec

351 4263 484 4342 directe
521 4276 700 4343 testentur
732 4287 798 4341 nee
834 4263 1006 4358 iudicent,
1037 4263 1133 4368 quod
1168 4263 1283 4342 lacere
1320 4263 1447 4342 medici
1480 4272 1520 4343 et
