3402 5292
847 479 884 492 ..
906 447 965 512 300
992 481 1022 494 -

351 583 498 647 «vetur
527 594 709 674 expresse,
740 571 835 677 quod
869 571 1169 678 dispensationes,
1203 595 1430 676 quacumque
1458 595 1523 646 au·

353 725 371 768 1
395 696 560 772 ctoritate
589 695 852 790 concedendae,
876 697 905 776 si
925 711 1026 776 extra
1057 722 1236 774 romanam
1258 695 1397 773 Curiam
1423 719 1521 772 com-

352 818 590 896 «mittendae
633 833 759 912 erunt,
799 823 1068 899 committuntur
1108 821 1314 900 Ordinnrit's
1357 817 1521 904 illorum,

351 941 455 1047 «qni
483 969 540 1020 ens
575 943 870 1049 impetraverint:
899 947 993 1051 quod
1022 947 1211 1024 dicendum
1249 957 1303 1024 est
1341 943 1448 1022 etiam
1477 941 1521 1019 de

351 1097 369 1140 <
394 1067 717 1171 dispensationibus
745 1071 930 1174 pretiosis,
960 1097 1049 1177 quoe
1069 1097 1129 1150 nec
1148 1095 1249 1149 suunt
1268 1068 1428 1175 effectum
1447 1093 1524 1145 sor·

352 1191 459 1268 «tiri
483 1203 648 1296 possunt,
678 1193 750 1270 nisi
773 1195 893 1299 primo
920 1221 944 1272 o
967 1195 1163 1300 praedictis
1204 1193 1411 1273 Ordinuriis
1442 1207 1521 1271 tan·

354 1341 503 1419 «quam
533 1314 706 1418 delegatis
734 1319 939 1424 apostolicis
966 1321 1157 1398 summarie
1186 1333 1223 1398 et
1242 1316 1524 1398 estraiudiciali-
1559 1349 1563 1368 ¹

352 1453 449 1518 «111
477 1451 709 1544 capnosrntur
737 1469 783 1518 an
811 1467 933 1546 preces
970 1447 1120 1522 veritate
1150 1443 1325 1537 nitantur,
1349 1442 1405 1520 vel
1434 1441 1522 1520 sub-

351 1561 565 1667 ‹reptionis
605 1579 669 1642 aut
696 1563 915 1670 obreptionis
951 1566 1037 1645 vitio
1065 1567 1242 1660 laborent,
1279 1580 1384 1670 prout
1411 1567 1521 1644 etiarm

352 1717 371 1760 a
394 1686 590 1764 declaravit
619 1691 665 1764 H.
697 1691 734 1766 S.
766 1693 803 1766 C.
836 1687 980 1768 subdio
1003 1699 1049 1768 11
1070 1691 1223 1768 ianuarii
1256 1699 1356 1770 1588
1376 1719 1394 1762 s
1417 1690 1520 1794 (Cor-

352 1810 461 1888 radus
489 1809 576 1890 ibid.
608 1809 672 1889 lib.
705 1821 742 1891 2.
774 1839 805 1890 c.
838 1823 875 1892 5.
908 1839 945 1892 n.
980 1817 1049 1918 15)
1078 1815 1153 1920 (1).

294 1937 298 1945 “
432 1941 496 2012 16.
530 1934 596 2014 Sed
628 1935 683 2013 vel
714 1937 789 2040 ipsa
818 1951 1023 2042 putatorum
1052 1939 1241 2040 coniugum
1270 1937 1398 2041 agendi
1428 1935 1520 2016 ratio

350 2058 506 2164 idipsum
534 2059 733 2138 confirmat.
765 2059 954 2166 Ubienim
983 2061 1114 2140 conscii
1132 2061 1283 2140 luissent
1302 2061 1345 2140 de
1374 2059 1521 2140 obtenta

353 2181 635 2288 dispensatione,
667 2184 836 2290 explicari
865 2186 1030 2289 nequiret
1057 2185 1233 2290 quomodo
1261 2186 1319 2263 vis
1348 2185 1448 2263 initis
1477 2183 1523 2261 li·

352 2305 478 2385 benten
506 2307 659 2412 nnptiis,
690 2319 726 2385 11
754 2307 1005 2412 impedimento
1033 2309 1187 2403 detecto,
1216 2309 1315 2386 alter.
1333 2307 1379 2385 ab
1408 2308 1521 2385 altero

351 2431 472 2508 statim
514 2429 719 2510 discesserit
756 2409 897 2536 (praec.
929 2457 966 2511 n.
999 2433 1067 2538 2):
1099 2434 1225 2514 saltem
1263 2434 1331 2526 vir,
1366 2433 1424 2510 cni
1454 2431 1521 2508 hoc

352 2555 614 2632 matrimonium
644 2553 834 2634 ridebatur
862 2557 1055 2660 expediens
1088 2571 1196 2661 atque
1225 2556 1401 2649 arridens,
1432 2555 1521 2659 quin

350 2681 511 2760 muliuiis
558 2705 767 2759 consensum
811 2683 1091 2786 praestolaretur
1131 2683 1175 2761 ad
1219 2682 1521 2786 dispensationem

350 2806 615 2914 postulandam,
648 2819 789 2912 arrepta
818 2807 1011 2902 illiusjarn
1040 2808 1208 2888 obtentae
1236 2811 1387 2900 ratione,
1420 2831 1522 2884 suam

350 2933 455 3010 immo
483 2930 679 3033 legitimam
708 2930 934 3010 reclamasset
961 2957 1122 3011 uxorem.

430 3053 588 3143 Quodsi
618 3053 756 3156 integra
795 3069 953 3133 actorum
987 3056 1267 3160 processualinm
1303 3053 1413 3133 series
1450 3050 1518 3130 sub

351 3180 463 3258 oculis
492 3179 701 3271 haberetur,
733 3179 852 3256 lorsan
867 3193 902 3257 et
917 3206 959 3258 11
989 3181 1117 3258 iuratis
1136 3181 1286 3258 aliorum
1315 3179 1462 3256 testium
1484 3189 1520 3254 11

352 3303 509 3408 ipsorum
529 3304 720 3405 coniugum
739 3303 1035 3408 depositionibus,
1054 3305 1246 3383 collusione
1266 3314 1415 3390 remota,
1438 3321 1522 3402 pro-

351 3426 429 3505 bari
458 3427 704 3505 abundantius
731 3441 865 3532 posset,
897 3427 1198 3532 dispensationem
1218 3425 1255 3502 in
1279 3423 1435 3501 themate
1457 3443 1521 3497 nec

352 3550 535 3628 obtentam
564 3574 629 3628 nec
657 3551 763 3628 etiam
792 3552 1022 3654 efflagitatam
1052 3574 1209 3654 unquam
1239 3547 1362 3626 luisse.
1386 3543 1456 3622 Sed
1476 3567 1519 3622 11

351 3673 456 3753 dictis
485 3673 551 3752 hoc
579 3673 668 3752 satis
695 3699 876 3779 superque
904 3687 1058 3754 constat.

419 3886 455 3958 (ll
475 3885 522 3944 Cir
542 3886 570 3941 in
592 3885 755 3956 appendice
773 3888 800 3940 7.
823 3886 1039 3942 instructionem
1059 3901 1148 3958 supet·
1167 3886 1437 3958 dispensationibus
1455 3899 1517 3941 mo·

348 3975 580 4040 trimnninlrbus,
605 3977 634 4030 in
654 3991 709 4046 qua
730 3985 757 4032 11
777 3978 947 4048 praecipuae
966 3991 1070 4032 consue
1083 3977 1118 4032 nd
1139 3977 1370 4047 dispen-ationes
1390 3976 1522 4030 obtinen-

347 4065 399 4122 das
417 4072 636 4130 ennmerantur,
658 4073 685 4120 et
704 4079 736 4122 ea
756 4065 923 4136 indicantur
942 4080 1016 4136 quae
1036 4066 1064 4120 in
1085 4067 1219 4136 precibus
1238 4079 1378 4136 exponere
1396 4069 1518 4134 oportet,

347 4170 392 4222 ne,
413 4155 611 4225 sunnprionis
631 4163 680 4210 ant
698 4155 875 4223 obreptionis
897 4154 964 4210 vitio
986 4155 1055 4225 ipsis
1076 4155 1273 4212 laborantibus
1300 4155 1444 4226 precibus,
1472 4152 1523 4208 ob·

349 4251 425 4300 tanta
445 4243 623 4314 dispensatio
645 4242 775 4298 nullitate
795 4244 929 4300 tabescat.
