<?xml version="1.0" encoding="UTF-8"?>
<!DOCTYPE html PUBLIC "-//W3C//DTD XHTML 1.0 Transitional//EN"
    "http://www.w3.org/TR/xhtml1/DTD/xhtml1-transitional.dtd">
<html xmlns="http://www.w3.org/1999/xhtml" xml:lang="en" lang="en">
 <head>
  <title>
</title>
<meta http-equiv="Content-Type" content="text/html;charset=utf-8" />
  <meta name='ocr-system' content='tesseract 3.04.00' />
  <meta name='ocr-capabilities' content='ocr_page ocr_carea ocr_par ocr_line ocrx_word'/>
</head>
<body>
  <div class='ocr_page' id='page_1' title='image "./deimpedimentism00mansgoog_0192.png"; bbox 0 0 3424 5300; ppageno 0'>
   <div class='ocr_carea' id='block_1_1' title="bbox 636 465 812 528">
    <p class='ocr_par' dir='ltr' id='par_1_1' title="bbox 636 465 812 528">
     <span class='ocr_line' id='line_1_1' title="bbox 636 465 812 528; baseline 0 0"><span class='ocrx_word' id='word_1_1' title='bbox 636 465 812 528; x_wconf 81' lang='lat'><strong>-173-</strong></span> 
     </span>
    </p>
   </div>
   <div class='ocr_carea' id='block_1_2' title="bbox 132 589 1305 2678">
    <p class='ocr_par' dir='ltr' id='par_1_2' title="bbox 132 589 1305 1438">
     <span class='ocr_line' id='line_1_2' title="bbox 134 589 1301 696; baseline 0.001 -28"><span class='ocrx_word' id='word_1_2' title='bbox 134 590 450 670; x_wconf 79' lang='lat' dir='ltr'>matrimonialium</span> <span class='ocrx_word' id='word_1_3' title='bbox 478 589 716 693; x_wconf 79' lang='lat' dir='ltr'>cognitionem</span> <span class='ocrx_word' id='word_1_4' title='bbox 744 590 855 696; x_wconf 87' lang='lat' dir='ltr'>possit</span> <span class='ocrx_word' id='word_1_5' title='bbox 879 591 1018 669; x_wconf 74' lang='lat' dir='ltr'>vicario</span> <span class='ocrx_word' id='word_1_6' title='bbox 1046 614 1110 669; x_wconf 88' lang='lat' dir='ltr'>suo</span> <span class='ocrx_word' id='word_1_7' title='bbox 1130 592 1301 693; x_wconf 88' lang='lat' dir='ltr'>generali,</span> 
     </span>
     <span class='ocr_line' id='line_1_3' title="bbox 133 712 1304 819; baseline 0.003 -26"><span class='ocrx_word' id='word_1_8' title='bbox 133 715 189 793; x_wconf 86' lang='lat' dir='ltr'>vel</span> <span class='ocrx_word' id='word_1_9' title='bbox 218 714 323 794; x_wconf 91' lang='lat' dir='ltr'>alteri</span> <span class='ocrx_word' id='word_1_10' title='bbox 361 715 488 794; x_wconf 89' lang='lat' dir='ltr'>idoneo</span> <span class='ocrx_word' id='word_1_11' title='bbox 525 714 633 794; x_wconf 89' lang='lat' dir='ltr'>etiam</span> <span class='ocrx_word' id='word_1_12' title='bbox 663 712 878 819; x_wconf 78' lang='lat' dir='ltr'>gerteroliter</span> <span class='ocrx_word' id='word_1_13' title='bbox 916 714 1080 817; x_wconf 91' lang='lat' dir='ltr'>delegare</span> <span class='ocrx_word' id='word_1_14' title='bbox 1112 713 1186 819; x_wconf 85' lang='lat'><strong>(1).</strong></span> <span class='ocrx_word' id='word_1_15' title='bbox 1218 719 1304 796; x_wconf 85' lang='lat' dir='ltr'>Cum</span> 
     </span>
     <span class='ocr_line' id='line_1_4' title="bbox 134 837 1305 944; baseline -0.001 -26"><span class='ocrx_word' id='word_1_16' title='bbox 134 840 231 918; x_wconf 87' lang='lat' dir='ltr'>enim</span> <span class='ocrx_word' id='word_1_17' title='bbox 259 852 419 944; x_wconf 90' lang='lat' dir='ltr'>potestas</span> <span class='ocrx_word' id='word_1_18' title='bbox 447 838 631 944; x_wconf 85' lang='lat' dir='ltr'>Episcopis</span> <span class='ocrx_word' id='word_1_19' title='bbox 650 863 694 916; x_wconf 80' lang='lat' dir='ltr'>er</span> <span class='ocrx_word' id='word_1_20' title='bbox 713 838 790 917; x_wconf 87' lang='lat' dir='ltr'>iure</span> <span class='ocrx_word' id='word_1_21' title='bbox 804 851 1009 944; x_wconf 88' lang='lat' dir='ltr'>competens</span> <span class='ocrx_word' id='word_1_22' title='bbox 1027 837 1305 917; x_wconf 80' lang='lat' dir='ltr'>matrimoniales</span> 
     </span>
     <span class='ocr_line' id='line_1_5' title="bbox 132 960 1302 1079; baseline 0 -39"><span class='ocrx_word' id='word_1_23' title='bbox 132 962 373 1065; x_wconf 86' lang='lat' dir='ltr'>cognoscendi</span> <span class='ocrx_word' id='word_1_24' title='bbox 401 961 603 1079; x_wconf 33' lang='lat' dir='ltr'>causasnsit</span> <span class='ocrx_word' id='word_1_25' title='bbox 622 960 812 1040; x_wconf 80' lang='lat' dir='ltr'>ordinaria</span> <span class='ocrx_word' id='word_1_26' title='bbox 830 975 1005 1068; x_wconf 91' lang='lat' dir='ltr'>potestas,</span> <span class='ocrx_word' id='word_1_27' title='bbox 1028 962 1112 1066; x_wconf 90' lang='lat' dir='ltr'>quia</span> <span class='ocrx_word' id='word_1_28' title='bbox 1132 961 1302 1065; x_wconf 80' lang='lat' dir='ltr'>dignitati</span> 
     </span>
     <span class='ocr_line' id='line_1_6' title="bbox 132 1085 1300 1191; baseline 0 -26"><span class='ocrx_word' id='word_1_29' title='bbox 132 1086 336 1191; x_wconf 84' lang='lat' dir='ltr'>Episcopali</span> <span class='ocrx_word' id='word_1_30' title='bbox 352 1086 540 1180; x_wconf 83' lang='lat' dir='ltr'>tribuitur,</span> <span class='ocrx_word' id='word_1_31' title='bbox 564 1110 636 1164; x_wconf 92' lang='lat' dir='ltr'>non</span> <span class='ocrx_word' id='word_1_32' title='bbox 655 1109 738 1164; x_wconf 82' lang='lat' dir='ltr'>vero</span> <span class='ocrx_word' id='word_1_33' title='bbox 753 1110 927 1191; x_wconf 83' lang='lat' dir='ltr'>personae</span> <span class='ocrx_word' id='word_1_34' title='bbox 942 1085 1087 1189; x_wconf 90' lang='lat' dir='ltr'>eligitur</span> <span class='ocrx_word' id='word_1_35' title='bbox 1106 1085 1300 1183; x_wconf 87' lang='lat' dir='ltr'>industria,</span> 
     </span>
     <span class='ocr_line' id='line_1_7' title="bbox 132 1207 1302 1315; baseline 0.002 -26"><span class='ocrx_word' id='word_1_36' title='bbox 132 1212 297 1315; x_wconf 87' lang='lat' dir='ltr'>sequitur</span> <span class='ocrx_word' id='word_1_37' title='bbox 325 1237 402 1290; x_wconf 88' lang='lat' dir='ltr'>carn</span> <span class='ocrx_word' id='word_1_38' title='bbox 431 1223 645 1315; x_wconf 87' lang='lat' dir='ltr'>potestatem</span> <span class='ocrx_word' id='word_1_39' title='bbox 672 1235 775 1315; x_wconf 89' lang='lat' dir='ltr'>posse</span> <span class='ocrx_word' id='word_1_40' title='bbox 799 1210 1013 1314; x_wconf 87' lang='lat' dir='ltr'>generaliter</span> <span class='ocrx_word' id='word_1_41' title='bbox 1031 1207 1187 1314; x_wconf 89' lang='lat' dir='ltr'>delegari</span> <span class='ocrx_word' id='word_1_42' title='bbox 1206 1236 1302 1291; x_wconf 90' lang='lat' dir='ltr'>more</span> 
     </span>
     <span class='ocr_line' id='line_1_8' title="bbox 134 1332 879 1438; baseline 0.001 -26"><span class='ocrx_word' id='word_1_43' title='bbox 134 1333 329 1412; x_wconf 89' lang='lat' dir='ltr'>cuiuslibet</span> <span class='ocrx_word' id='word_1_44' title='bbox 358 1333 559 1413; x_wconf 83' lang='lat' dir='ltr'>ordinariae</span> <span class='ocrx_word' id='word_1_45' title='bbox 588 1334 777 1438; x_wconf 89' lang='lat' dir='ltr'>potestatis</span> <span class='ocrx_word' id='word_1_46' title='bbox 806 1332 879 1438; x_wconf 71' lang='lat'><strong>(2).</strong></span> 
     </span>
    </p>

    <p class='ocr_par' dir='ltr' id='par_1_3' title="bbox 132 1455 1304 2182">
     <span class='ocr_line' id='line_1_9' title="bbox 221 1455 1302 1562; baseline -0.002 -27"><span class='ocrx_word' id='word_1_47' title='bbox 221 1465 260 1535; x_wconf 87' lang='lat'>3.</span> <span class='ocrx_word' id='word_1_48' title='bbox 283 1461 358 1536; x_wconf 91' lang='lat' dir='ltr'>lmo</span> <span class='ocrx_word' id='word_1_49' title='bbox 378 1455 596 1561; x_wconf 84' lang='lat' dir='ltr'>probabilior</span> <span class='ocrx_word' id='word_1_50' title='bbox 610 1455 789 1536; x_wconf 88' lang='lat' dir='ltr'>sententia</span> <span class='ocrx_word' id='word_1_51' title='bbox 804 1469 918 1552; x_wconf 64' lang='lat' dir='ltr'>unet,</span> <span class='ocrx_word' id='word_1_52' title='bbox 941 1456 1118 1536; x_wconf 80' lang='lat' dir='ltr'>vicarium</span> <span class='ocrx_word' id='word_1_53' title='bbox 1137 1456 1302 1562; x_wconf 77' lang='lat' dir='ltr'>Episcopi</span> 
     </span>
     <span class='ocr_line' id='line_1_10' title="bbox 134 1577 1300 1682; baseline 0.002 -24"><span class='ocrx_word' id='word_1_54' title='bbox 134 1581 169 1658; x_wconf 86' lang='lat' dir='ltr'>vi</span> <span class='ocrx_word' id='word_1_55' title='bbox 200 1579 307 1658; x_wconf 90' lang='lat' dir='ltr'>officii</span> <span class='ocrx_word' id='word_1_56' title='bbox 335 1581 391 1659; x_wconf 92' lang='lat' dir='ltr'>sui</span> <span class='ocrx_word' id='word_1_57' title='bbox 425 1605 490 1659; x_wconf 86' lang='lat' dir='ltr'>seu</span> <span class='ocrx_word' id='word_1_58' title='bbox 523 1577 725 1658; x_wconf 84' lang='lat' dir='ltr'>vicariatus</span> <span class='ocrx_word' id='word_1_59' title='bbox 763 1580 976 1682; x_wconf 78' lang='lat' dir='ltr'>generaliter</span> <span class='ocrx_word' id='word_1_60' title='bbox 1008 1580 1077 1660; x_wconf 90' lang='lat' dir='ltr'>sibi</span> <span class='ocrx_word' id='word_1_61' title='bbox 1109 1581 1300 1676; x_wconf 81' lang='lat' dir='ltr'>commissi,</span> 
     </span>
     <span class='ocr_line' id='line_1_11' title="bbox 133 1703 1301 1811; baseline 0 -27"><span class='ocrx_word' id='word_1_62' title='bbox 133 1730 261 1784; x_wconf 85' lang='lat' dir='ltr'>causas</span> <span class='ocrx_word' id='word_1_63' title='bbox 277 1704 556 1784; x_wconf 88' lang='lat' dir='ltr'>matrimoniales</span> <span class='ocrx_word' id='word_1_64' title='bbox 571 1727 783 1805; x_wconf 90' lang='lat' dir='ltr'>cognoscere</span> <span class='ocrx_word' id='word_1_65' title='bbox 797 1729 902 1808; x_wconf 91' lang='lat' dir='ltr'>posse</span> <span class='ocrx_word' id='word_1_66' title='bbox 917 1731 958 1783; x_wconf 88' lang='lat' dir='ltr'>ac</span> <span class='ocrx_word' id='word_1_67' title='bbox 972 1703 1168 1784; x_wconf 87' lang='lat' dir='ltr'>diiudicare</span> <span class='ocrx_word' id='word_1_68' title='bbox 1188 1706 1204 1811; x_wconf 73' lang='lat' dir='ltr'>l</span> <span class='ocrx_word' id='word_1_69' title='bbox 1232 1703 1262 1810; x_wconf 86' lang='lat'>).</span> <span class='ocrx_word' id='word_1_70' title='bbox 1277 1750 1301 1765; x_wconf 92' lang='lat'>-</span> 
     </span>
     <span class='ocr_line' id='line_1_12' title="bbox 136 1826 1304 1934; baseline 0.002 -26"><span class='ocrx_word' id='word_1_71' title='bbox 136 1835 268 1908; x_wconf 83' lang='lat' dir='ltr'>Verum</span> <span class='ocrx_word' id='word_1_72' title='bbox 285 1830 356 1909; x_wconf 90' lang='lat' dir='ltr'>bac</span> <span class='ocrx_word' id='word_1_73' title='bbox 375 1830 413 1908; x_wconf 97' lang='lat' dir='ltr'>in</span> <span class='ocrx_word' id='word_1_74' title='bbox 427 1855 465 1907; x_wconf 91' lang='lat' dir='ltr'>re</span> <span class='ocrx_word' id='word_1_75' title='bbox 486 1826 680 1934; x_wconf 86' lang='lat' dir='ltr'>spectanda</span> <span class='ocrx_word' id='word_1_76' title='bbox 700 1840 754 1907; x_wconf 92' lang='lat' dir='ltr'>est</span> <span class='ocrx_word' id='word_1_77' title='bbox 773 1828 947 1934; x_wconf 90' lang='lat' dir='ltr'>cuiusque</span> <span class='ocrx_word' id='word_1_78' title='bbox 967 1829 1187 1910; x_wconf 88' lang='lat' dir='ltr'>consuetudo</span> <span class='ocrx_word' id='word_1_79' title='bbox 1205 1830 1304 1910; x_wconf 94' lang='lat' dir='ltr'>dioe-</span> 
     </span>
     <span class='ocr_line' id='line_1_13' title="bbox 132 1951 1302 2058; baseline 0.001 -26"><span class='ocrx_word' id='word_1_80' title='bbox 132 1953 237 2046; x_wconf 88' lang='lat' dir='ltr'>cesis,</span> <span class='ocrx_word' id='word_1_81' title='bbox 270 1978 351 2031; x_wconf 91' lang='lat' dir='ltr'>cum</span> <span class='ocrx_word' id='word_1_82' title='bbox 379 1954 417 2031; x_wconf 93' lang='lat' dir='ltr'>in</span> <span class='ocrx_word' id='word_1_83' title='bbox 455 1952 621 2057; x_wconf 89' lang='lat' dir='ltr'>pluribus</span> <span class='ocrx_word' id='word_1_84' title='bbox 652 1952 738 2032; x_wconf 91' lang='lat' dir='ltr'>locis</span> <span class='ocrx_word' id='word_1_85' title='bbox 776 1953 911 2058; x_wconf 90' lang='lat' dir='ltr'>proprii</span> <span class='ocrx_word' id='word_1_86' title='bbox 949 1951 1083 2032; x_wconf 91' lang='lat' dir='ltr'>iudices</span> <span class='ocrx_word' id='word_1_87' title='bbox 1114 1980 1302 2033; x_wconf 89' lang='lat' dir='ltr'>causarum</span> 
     </span>
     <span class='ocr_line' id='line_1_14' title="bbox 134 2076 1205 2182; baseline 0 -26"><span class='ocrx_word' id='word_1_88' title='bbox 134 2077 450 2157; x_wconf 87' lang='lat' dir='ltr'>matrimonialium</span> <span class='ocrx_word' id='word_1_89' title='bbox 478 2076 524 2154; x_wconf 92' lang='lat' dir='ltr'>ab</span> <span class='ocrx_word' id='word_1_90' title='bbox 552 2076 738 2182; x_wconf 87' lang='lat' dir='ltr'>Episcopis</span> <span class='ocrx_word' id='word_1_91' title='bbox 765 2077 936 2157; x_wconf 91' lang='lat' dir='ltr'>constitui</span> <span class='ocrx_word' id='word_1_92' title='bbox 964 2077 1104 2157; x_wconf 90' lang='lat' dir='ltr'>soleant</span> <span class='ocrx_word' id='word_1_93' title='bbox 1132 2078 1147 2182; x_wconf 89' lang='lat'><strong>(</strong></span> <span class='ocrx_word' id='word_1_94' title='bbox 1176 2076 1205 2182; x_wconf 89' lang='lat'>).</span> 
     </span>
    </p>

    <p class='ocr_par' dir='ltr' id='par_1_4' title="bbox 134 2199 1302 2678">
     <span class='ocr_line' id='line_1_15' title="bbox 217 2199 1301 2308; baseline 0.001 -27"><span class='ocrx_word' id='word_1_95' title='bbox 217 2212 258 2281; x_wconf 74' lang='grc'>4.</span> <span class='ocrx_word' id='word_1_96' title='bbox 286 2206 365 2281; x_wconf 91' lang='lat' dir='ltr'>Non</span> <span class='ocrx_word' id='word_1_97' title='bbox 391 2215 511 2280; x_wconf 90' lang='lat' dir='ltr'>autem</span> <span class='ocrx_word' id='word_1_98' title='bbox 540 2225 602 2305; x_wconf 93' lang='lat' dir='ltr'>pro</span> <span class='ocrx_word' id='word_1_99' title='bbox 631 2201 769 2279; x_wconf 80' lang='lat' dir='ltr'>Actoris</span> <span class='ocrx_word' id='word_1_100' title='bbox 797 2200 917 2281; x_wconf 86' lang='lat' dir='ltr'>lubitu</span> <span class='ocrx_word' id='word_1_101' title='bbox 933 2199 1029 2305; x_wconf 95' lang='lat' dir='ltr'>apud</span> <span class='ocrx_word' id='word_1_102' title='bbox 1052 2200 1301 2308; x_wconf 88' lang='lat' dir='ltr'>quodcumque</span> 
     </span>
     <span class='ocr_line' id='line_1_16' title="bbox 137 2325 1298 2433; baseline 0.002 -27"><span class='ocrx_word' id='word_1_103' title='bbox 137 2328 338 2433; x_wconf 86' lang='lat' dir='ltr'>episcopale</span> <span class='ocrx_word' id='word_1_104' title='bbox 358 2326 517 2406; x_wconf 91' lang='lat' dir='ltr'>tribunal</span> <span class='ocrx_word' id='word_1_105' title='bbox 537 2325 668 2405; x_wconf 88' lang='lat' dir='ltr'>delerri</span> <span class='ocrx_word' id='word_1_106' title='bbox 688 2339 838 2431; x_wconf 91' lang='lat' dir='ltr'>possunt</span> <span class='ocrx_word' id='word_1_107' title='bbox 856 2327 1135 2406; x_wconf 90' lang='lat' dir='ltr'>matrimoniales</span> <span class='ocrx_word' id='word_1_108' title='bbox 1156 2354 1298 2425; x_wconf 89' lang='lat' dir='ltr'>causae,</span> 
     </span>
     <span class='ocr_line' id='line_1_17' title="bbox 135 2448 1302 2555; baseline 0.002 -26"><span class='ocrx_word' id='word_1_109' title='bbox 135 2451 198 2530; x_wconf 90' lang='lat' dir='ltr'>sed</span> <span class='ocrx_word' id='word_1_110' title='bbox 227 2449 273 2528; x_wconf 90' lang='lat' dir='ltr'>ad</span> <span class='ocrx_word' id='word_1_111' title='bbox 301 2449 391 2529; x_wconf 83' lang='lat' dir='ltr'>illud</span> <span class='ocrx_word' id='word_1_112' title='bbox 418 2448 514 2554; x_wconf 88' lang='lat' dir='ltr'>quod</span> <span class='ocrx_word' id='word_1_113' title='bbox 542 2463 598 2528; x_wconf 82' lang='lat' dir='ltr'>cst</span> <span class='ocrx_word' id='word_1_114' title='bbox 625 2460 831 2555; x_wconf 81' lang='lat' dir='ltr'>competens.</span> <span class='ocrx_word' id='word_1_115' title='bbox 855 2453 962 2529; x_wconf 89' lang='lat' dir='ltr'>Porro</span> <span class='ocrx_word' id='word_1_116' title='bbox 991 2452 1186 2553; x_wconf 88' lang='lat' dir='ltr'>generatim</span> <span class='ocrx_word' id='word_1_117' title='bbox 1214 2452 1302 2531; x_wconf 91' lang='lat' dir='ltr'>dici-</span> 
     </span>
     <span class='ocr_line' id='line_1_18' title="bbox 134 2569 1301 2678; baseline 0.002 -26"><span class='ocrx_word' id='word_1_118' title='bbox 134 2587 193 2652; x_wconf 90' lang='lat' dir='ltr'>tur</span> <span class='ocrx_word' id='word_1_119' title='bbox 225 2585 429 2677; x_wconf 90' lang='lat' dir='ltr'>competens</span> <span class='ocrx_word' id='word_1_120' title='bbox 456 2569 631 2667; x_wconf 87' lang='lat' dir='ltr'>tribunal,</span> <span class='ocrx_word' id='word_1_121' title='bbox 662 2571 725 2651; x_wconf 91' lang='lat' dir='ltr'>ubi</span> <span class='ocrx_word' id='word_1_122' title='bbox 754 2570 901 2668; x_wconf 89' lang='lat' dir='ltr'>Iudicis,</span> <span class='ocrx_word' id='word_1_123' title='bbox 923 2573 986 2677; x_wconf 88' lang='lat' dir='ltr'>qui</span> <span class='ocrx_word' id='word_1_124' title='bbox 1007 2575 1038 2652; x_wconf 89' lang='lat' dir='ltr'>ei</span> <span class='ocrx_word' id='word_1_125' title='bbox 1058 2588 1214 2678; x_wconf 86' lang='lat' dir='ltr'>praeest,</span> <span class='ocrx_word' id='word_1_126' title='bbox 1236 2600 1301 2654; x_wconf 92' lang='lat' dir='ltr'>au·</span> 
     </span>
    </p>
   </div>
   <div class='ocr_carea' id='block_1_3' title="bbox 127 2694 1300 3548">
    <p class='ocr_par' dir='ltr' id='par_1_5' title="bbox 127 2694 1300 3295">
     <span class='ocr_line' id='line_1_19' title="bbox 135 2694 1300 2804; baseline 0.003 -30"><span class='ocrx_word' id='word_1_127' title='bbox 135 2697 295 2775; x_wconf 90' lang='lat' dir='ltr'>ctoritati</span> <span class='ocrx_word' id='word_1_128' title='bbox 323 2709 360 2774; x_wconf 90' lang='lat' dir='ltr'>et</span> <span class='ocrx_word' id='word_1_129' title='bbox 394 2694 632 2774; x_wconf 89' lang='lat' dir='ltr'>iurisdictioni</span> <span class='ocrx_word' id='word_1_130' title='bbox 669 2694 795 2774; x_wconf 88' lang='lat' dir='ltr'>subest</span> <span class='ocrx_word' id='word_1_131' title='bbox 822 2722 876 2775; x_wconf 81' lang='lat' dir='ltr'>res</span> <span class='ocrx_word' id='word_1_132' title='bbox 904 2695 948 2775; x_wconf 91' lang='lat' dir='ltr'>de</span> <span class='ocrx_word' id='word_1_133' title='bbox 975 2722 1047 2801; x_wconf 91' lang='lat' dir='ltr'>qua</span> <span class='ocrx_word' id='word_1_134' title='bbox 1080 2697 1300 2804; x_wconf 89' lang='lat' dir='ltr'>disceptatur</span> 
     </span>
     <span class='ocr_line' id='line_1_20' title="bbox 131 2818 1300 2925; baseline 0.002 -25"><span class='ocrx_word' id='word_1_135' title='bbox 131 2835 163 2900; x_wconf 92' lang='lat' dir='ltr'>et</span> <span class='ocrx_word' id='word_1_136' title='bbox 199 2828 288 2900; x_wconf 82' lang='lat' dir='ltr'>Reus</span> <span class='ocrx_word' id='word_1_137' title='bbox 317 2832 573 2925; x_wconf 84' lang='lat' dir='ltr'>contraquam</span> <span class='ocrx_word' id='word_1_138' title='bbox 601 2821 733 2921; x_wconf 86' lang='lat' dir='ltr'>agitur.</span> <span class='ocrx_word' id='word_1_139' title='bbox 765 2818 857 2898; x_wconf 89' lang='lat' dir='ltr'>Hinc</span> <span class='ocrx_word' id='word_1_140' title='bbox 884 2818 996 2898; x_wconf 83' lang='lat' dir='ltr'>ueluti</span> <span class='ocrx_word' id='word_1_141' title='bbox 1015 2820 1192 2902; x_wconf 78' lang='lat' dir='ltr'>axiomata</span> <span class='ocrx_word' id='word_1_142' title='bbox 1211 2824 1300 2902; x_wconf 94' lang='lat' dir='ltr'>iuris</span> 
     </span>
     <span class='ocr_line' id='line_1_21' title="bbox 127 2942 1299 3048; baseline 0.003 -25"><span class='ocrx_word' id='word_1_143' title='bbox 127 2945 310 3024; x_wconf 89' lang='lat' dir='ltr'>habentur</span> <span class='ocrx_word' id='word_1_144' title='bbox 342 2944 449 3022; x_wconf 88' lang='lat' dir='ltr'>hacc:</span> <span class='ocrx_word' id='word_1_145' title='bbox 473 2949 578 3020; x_wconf 84' lang='lat' dir='ltr'>Actor</span> <span class='ocrx_word' id='word_1_146' title='bbox 599 2942 759 3048; x_wconf 79' lang='lat' dir='ltr'>sequitur</span> <span class='ocrx_word' id='word_1_147' title='bbox 785 2945 907 3047; x_wconf 82' lang='lat' dir='ltr'>forum</span> <span class='ocrx_word' id='word_1_148' title='bbox 924 2945 1009 3037; x_wconf 63' lang='lat' dir='ltr'>Rei·</span> <span class='ocrx_word' id='word_1_149' title='bbox 1028 2990 1051 3004; x_wconf 98' lang='lat'>-</span> <span class='ocrx_word' id='word_1_150' title='bbox 1072 2953 1160 3025; x_wconf 82' lang='lat' dir='ltr'>Reus</span> <span class='ocrx_word' id='word_1_151' title='bbox 1180 2973 1299 3027; x_wconf 85' lang='lat' dir='ltr'>coram</span> 
     </span>
     <span class='ocr_line' id='line_1_22' title="bbox 131 3064 1298 3176; baseline 0.005 -32"><span class='ocrx_word' id='word_1_152' title='bbox 131 3095 193 3146; x_wconf 83' lang='lat' dir='ltr'>suo</span> <span class='ocrx_word' id='word_1_153' title='bbox 221 3067 339 3145; x_wconf 84' lang='lat' dir='ltr'>ludica</span> <span class='ocrx_word' id='word_1_154' title='bbox 365 3078 417 3145; x_wconf 86' lang='lat' dir='ltr'>est</span> <span class='ocrx_word' id='word_1_155' title='bbox 444 3064 723 3158; x_wconf 72' lang='lat' dir='ltr'>conveniendus,-</span> <span class='ocrx_word' id='word_1_156' title='bbox 738 3111 761 3126; x_wconf 95' lang='lat'>-</span> <span class='ocrx_word' id='word_1_157' title='bbox 781 3065 897 3144; x_wconf 84' lang='lat' dir='ltr'>ludici</span> <span class='ocrx_word' id='word_1_158' title='bbox 924 3091 993 3146; x_wconf 83' lang='lat' dir='ltr'>nort</span> <span class='ocrx_word' id='word_1_159' title='bbox 1010 3094 1074 3147; x_wconf 83' lang='lat' dir='ltr'>suc</span> <span class='ocrx_word' id='word_1_160' title='bbox 1093 3095 1168 3148; x_wconf 81' lang='lat' dir='ltr'>aco</span> <span class='ocrx_word' id='word_1_161' title='bbox 1187 3096 1298 3176; x_wconf 83' lang='lat' dir='ltr'>pore-</span> 
     </span>
     <span class='ocr_line' id='line_1_23' title="bbox 136 3189 470 3295; baseline -0.006 -27"><span class='ocrx_word' id='word_1_162' title='bbox 136 3205 196 3270; x_wconf 82' lang='lat' dir='ltr'>tur</span> <span class='ocrx_word' id='word_1_163' title='bbox 224 3191 369 3295; x_wconf 81' lang='lat' dir='ltr'>impune</span> <span class='ocrx_word' id='word_1_164' title='bbox 396 3189 412 3293; x_wconf 86' lang='lat'><strong>(</strong></span> <span class='ocrx_word' id='word_1_165' title='bbox 441 3189 470 3295; x_wconf 90' lang='lat'>).</span> 
     </span>
    </p>

    <p class='ocr_par' dir='ltr' id='par_1_6' title="bbox 137 3313 1298 3548">
     <span class='ocr_line' id='line_1_24' title="bbox 216 3313 1298 3423; baseline 0.005 -27"><span class='ocrx_word' id='word_1_166' title='bbox 216 3327 252 3396; x_wconf 86' lang='lat'>5.</span> <span class='ocrx_word' id='word_1_167' title='bbox 285 3321 510 3420; x_wconf 84' lang='lat' dir='ltr'>Compertnm</span> <span class='ocrx_word' id='word_1_168' title='bbox 542 3327 663 3392; x_wconf 88' lang='lat' dir='ltr'>autem</span> <span class='ocrx_word' id='word_1_169' title='bbox 696 3313 862 3394; x_wconf 92' lang='lat' dir='ltr'>omnibus</span> <span class='ocrx_word' id='word_1_170' title='bbox 890 3329 959 3412; x_wconf 88' lang='lat' dir='ltr'>est,</span> <span class='ocrx_word' id='word_1_171' title='bbox 990 3319 1213 3423; x_wconf 90' lang='lat' dir='ltr'>potissimum</span> <span class='ocrx_word' id='word_1_172' title='bbox 1241 3349 1298 3401; x_wconf 87' lang='lat' dir='ltr'>ra-</span> 
     </span>
     <span class='ocr_line' id='line_1_25' title="bbox 137 3435 1296 3548; baseline 0.006 -29"><span class='ocrx_word' id='word_1_173' title='bbox 137 3441 230 3520; x_wconf 92' lang='lat' dir='ltr'>tione</span> <span class='ocrx_word' id='word_1_174' title='bbox 260 3437 494 3518; x_wconf 86' lang='lat' dir='ltr'>habitationis</span> <span class='ocrx_word' id='word_1_175' title='bbox 513 3437 755 3542; x_wconf 90' lang='lat' dir='ltr'>permanentis</span> <span class='ocrx_word' id='word_1_176' title='bbox 774 3462 838 3516; x_wconf 88' lang='lat' dir='ltr'>seu</span> <span class='ocrx_word' id='word_1_177' title='bbox 857 3435 1030 3519; x_wconf 81' lang='lat' dir='ltr'>domicilii</span> <span class='ocrx_word' id='word_1_178' title='bbox 1048 3443 1202 3548; x_wconf 90' lang='lat' dir='ltr'>aliquem</span> <span class='ocrx_word' id='word_1_179' title='bbox 1220 3445 1296 3527; x_wconf 87' lang='lat' dir='ltr'>fieri</span> 
     </span>
    </p>
   </div>
   <div class='ocr_carea' id='block_1_4' title="bbox 137 3684 1296 4556">
    <p class='ocr_par' dir='ltr' id='par_1_7' title="bbox 137 3684 1295 3851">
     <span class='ocr_line' id='line_1_26' title="bbox 201 3684 1295 3761; baseline 0.007 -17"><span class='ocrx_word' id='word_1_180' title='bbox 201 3684 240 3761; x_wconf 86' lang='lat' dir='ltr'>(l)</span> <span class='ocrx_word' id='word_1_181' title='bbox 259 3685 377 3757; x_wconf 79' lang='lat' dir='ltr'>Pithing</span> <span class='ocrx_word' id='word_1_182' title='bbox 395 3685 436 3743; x_wconf 87' lang='lat' dir='ltr'>ad</span> <span class='ocrx_word' id='word_1_183' title='bbox 455 3685 502 3742; x_wconf 80' lang='lat' dir='ltr'>ott.</span> <span class='ocrx_word' id='word_1_184' title='bbox 523 3691 558 3742; x_wconf 76' lang='lat'>28</span> <span class='ocrx_word' id='word_1_185' title='bbox 576 3685 610 3741; x_wconf 78' lang='lat' dir='ltr'>dc</span> <span class='ocrx_word' id='word_1_186' title='bbox 622 3684 693 3757; x_wconf 70' lang='lat' dir='ltr'>offic.</span> <span class='ocrx_word' id='word_1_187' title='bbox 716 3684 828 3743; x_wconf 75' lang='lat' dir='ltr'>Viturii</span> <span class='ocrx_word' id='word_1_188' title='bbox 849 3685 900 3743; x_wconf 79' lang='lat' dir='ltr'>lto.</span> <span class='ocrx_word' id='word_1_189' title='bbox 925 3690 949 3743; x_wconf 76' lang='lat' dir='ltr'>l.</span> <span class='ocrx_word' id='word_1_190' title='bbox 963 3703 995 3746; x_wconf 78' lang='lat' dir='ltr'>a.</span> <span class='ocrx_word' id='word_1_191' title='bbox 1012 3694 1046 3743; x_wconf 71' lang='grc'>47</span> <span class='ocrx_word' id='word_1_192' title='bbox 1061 3690 1151 3749; x_wconf 86' lang='lat' dir='ltr'>citans</span> <span class='ocrx_word' id='word_1_193' title='bbox 1170 3694 1295 3752; x_wconf 85' lang='lat' dir='ltr'>Sancbez</span> 
     </span>
     <span class='ocr_line' id='line_1_27' title="bbox 137 3772 861 3851; baseline -0.003 -21"><span class='ocrx_word' id='word_1_194' title='bbox 137 3773 167 3830; x_wconf 77' lang='lat' dir='ltr'>de</span> <span class='ocrx_word' id='word_1_195' title='bbox 183 3774 319 3832; x_wconf 81' lang='lat' dir='ltr'>matrim.</span> <span class='ocrx_word' id='word_1_196' title='bbox 341 3773 392 3830; x_wconf 82' lang='lat' dir='ltr'>lib.</span> <span class='ocrx_word' id='word_1_197' title='bbox 413 3780 441 3828; x_wconf 82' lang='lat'>2.</span> <span class='ocrx_word' id='word_1_198' title='bbox 464 3772 540 3844; x_wconf 77' lang='lat' dir='ltr'>disp.</span> <span class='ocrx_word' id='word_1_199' title='bbox 553 3777 607 3851; x_wconf 74' lang='lat'>‚⁴⁰·</span> <span class='ocrx_word' id='word_1_200' title='bbox 628 3789 659 3830; x_wconf 77' lang='lat' dir='ltr'>a.</span> <span class='ocrx_word' id='word_1_201' title='bbox 681 3775 725 3827; x_wconf 74' lang='grc'>47.</span> <span class='ocrx_word' id='word_1_202' title='bbox 746 3772 776 3828; x_wconf 88' lang='lat' dir='ltr'>in</span> <span class='ocrx_word' id='word_1_203' title='bbox 795 3772 861 3830; x_wconf 86' lang='lat' dir='ltr'>fine.</span> 
     </span>
    </p>

    <p class='ocr_par' dir='ltr' id='par_1_8' title="bbox 138 3859 1295 4007">
     <span class='ocr_line' id='line_1_28' title="bbox 205 3859 1295 3937; baseline 0.006 -19"><span class='ocrx_word' id='word_1_204' title='bbox 205 3861 239 3930; x_wconf 65' lang='grc' dir='ltr'>(Ξ)</span> <span class='ocrx_word' id='word_1_205' title='bbox 260 3861 385 3918; x_wconf 87' lang='lat' dir='ltr'>Sancbez</span> <span class='ocrx_word' id='word_1_206' title='bbox 406 3859 457 3918; x_wconf 79' lang='lat' dir='ltr'>lib.</span> <span class='ocrx_word' id='word_1_207' title='bbox 478 3864 504 3917; x_wconf 79' lang='lat'>3.</span> <span class='ocrx_word' id='word_1_208' title='bbox 526 3859 601 3932; x_wconf 84' lang='lat' dir='ltr'>disp.</span> <span class='ocrx_word' id='word_1_209' title='bbox 622 3865 648 3914; x_wconf 92' lang='lat'>7.</span> <span class='ocrx_word' id='word_1_210' title='bbox 669 3875 700 3917; x_wconf 84' lang='lat' dir='ltr'>rt.</span> <span class='ocrx_word' id='word_1_211' title='bbox 720 3863 772 3926; x_wconf 81' lang='lat'>20,·</span> <span class='ocrx_word' id='word_1_212' title='bbox 791 3866 819 3917; x_wconf 87' lang='lat' dir='ltr'>ot</span> <span class='ocrx_word' id='word_1_213' title='bbox 837 3861 885 3918; x_wconf 87' lang='lat' dir='ltr'>cit.</span> <span class='ocrx_word' id='word_1_214' title='bbox 913 3861 966 3918; x_wconf 80' lang='lat' dir='ltr'>tic.</span> <span class='ocrx_word' id='word_1_215' title='bbox 986 3870 1013 3922; x_wconf 81' lang='lat'>2.</span> <span class='ocrx_word' id='word_1_216' title='bbox 1034 3865 1110 3937; x_wconf 80' lang='lat' dir='ltr'>disp.</span> <span class='ocrx_word' id='word_1_217' title='bbox 1131 3875 1175 3926; x_wconf 72' lang='lat'>40.</span> <span class='ocrx_word' id='word_1_218' title='bbox 1195 3886 1226 3927; x_wconf 75' lang='lat' dir='ltr'>a.</span> <span class='ocrx_word' id='word_1_219' title='bbox 1250 3875 1295 3926; x_wconf 70' lang='lat'>47.</span> 
     </span>
     <span class='ocr_line' id='line_1_29' title="bbox 138 3950 251 4007; baseline -0.009 -1"><span class='ocrx_word' id='word_1_220' title='bbox 138 3951 166 4007; x_wconf 89' lang='lat' dir='ltr'>in</span> <span class='ocrx_word' id='word_1_221' title='bbox 184 3950 251 4007; x_wconf 82' lang='lat' dir='ltr'>dne.</span> 
     </span>
    </p>

    <p class='ocr_par' dir='ltr' id='par_1_9' title="bbox 138 4035 1292 4196">
     <span class='ocr_line' id='line_1_30' title="bbox 203 4035 1292 4116; baseline 0.008 -22"><span class='ocrx_word' id='word_1_222' title='bbox 203 4035 242 4110; x_wconf 78' lang='lat'>(3)</span> <span class='ocrx_word' id='word_1_223' title='bbox 262 4037 389 4094; x_wconf 86' lang='lat' dir='ltr'>Sancbez</span> <span class='ocrx_word' id='word_1_224' title='bbox 409 4035 461 4094; x_wconf 80' lang='lat' dir='ltr'>lib.</span> <span class='ocrx_word' id='word_1_225' title='bbox 481 4040 509 4092; x_wconf 76' lang='lat'>3.</span> <span class='ocrx_word' id='word_1_226' title='bbox 525 4035 602 4107; x_wconf 77' lang='lat' dir='ltr'>disp.</span> <span class='ocrx_word' id='word_1_227' title='bbox 622 4039 666 4091; x_wconf 82' lang='lat'>29.</span> <span class='ocrx_word' id='word_1_228' title='bbox 680 4051 711 4091; x_wconf 84' lang='lat' dir='ltr'>n.</span> <span class='ocrx_word' id='word_1_229' title='bbox 733 4039 775 4092; x_wconf 71' lang='lat'>48.</span> <span class='ocrx_word' id='word_1_230' title='bbox 798 4050 835 4093; x_wconf 81' lang='lat' dir='ltr'>cx</span> <span class='ocrx_word' id='word_1_231' title='bbox 846 4051 910 4110; x_wconf 82' lang='lat' dir='ltr'>cop.</span> <span class='ocrx_word' id='word_1_232' title='bbox 925 4042 951 4096; x_wconf 78' lang='lat' dir='ltr'>l.</span> <span class='ocrx_word' id='word_1_233' title='bbox 967 4039 1000 4096; x_wconf 72' lang='lat' dir='ltr'>de</span> <span class='ocrx_word' id='word_1_234' title='bbox 1017 4040 1140 4112; x_wconf 63' lang='lat' dir='ltr'>nigidio</span> <span class='ocrx_word' id='word_1_235' title='bbox 1152 4050 1179 4102; x_wconf 86' lang='lat' dir='ltr'>et</span> <span class='ocrx_word' id='word_1_236' title='bbox 1191 4044 1292 4116; x_wconf 78' lang='lat' dir='ltr'>mules.</span> 
     </span>
     <span class='ocr_line' id='line_1_31' title="bbox 138 4123 678 4196; baseline -0.006 -14"><span class='ocrx_word' id='word_1_237' title='bbox 138 4131 162 4182; x_wconf 88' lang='lat' dir='ltr'>ct</span> <span class='ocrx_word' id='word_1_238' title='bbox 178 4140 213 4182; x_wconf 85' lang='lat' dir='ltr'>ex</span> <span class='ocrx_word' id='word_1_239' title='bbox 231 4140 296 4196; x_wconf 82' lang='lat' dir='ltr'>cap.</span> <span class='ocrx_word' id='word_1_240' title='bbox 317 4123 370 4196; x_wconf 68' lang='lat' dir='ltr'>fia.</span> <span class='ocrx_word' id='word_1_241' title='bbox 391 4124 425 4181; x_wconf 80' lang='lat' dir='ltr'>de</span> <span class='ocrx_word' id='word_1_242' title='bbox 443 4129 558 4196; x_wconf 79' lang='lat' dir='ltr'>wgnct.</span> <span class='ocrx_word' id='word_1_243' title='bbox 577 4123 678 4195; x_wconf 82' lang='lat' dir='ltr'>spirit.</span> 
     </span>
    </p>

    <p class='ocr_par' dir='ltr' id='par_1_10' title="bbox 137 4211 1295 4377">
     <span class='ocr_line' id='line_1_32' title="bbox 200 4211 1295 4292; baseline 0.006 -23"><span class='ocrx_word' id='word_1_244' title='bbox 200 4214 235 4284; x_wconf 80' lang='grc'>(4)</span> <span class='ocrx_word' id='word_1_245' title='bbox 255 4215 297 4269; x_wconf 89' lang='lat' dir='ltr'>Ita</span> <span class='ocrx_word' id='word_1_246' title='bbox 317 4218 413 4268; x_wconf 90' lang='lat' dir='ltr'>monet</span> <span class='ocrx_word' id='word_1_247' title='bbox 432 4219 495 4283; x_wconf 91' lang='lat' dir='ltr'>post</span> <span class='ocrx_word' id='word_1_248' title='bbox 527 4211 646 4283; x_wconf 80' lang='lat' dir='ltr'>Pirhing</span> <span class='ocrx_word' id='word_1_249' title='bbox 664 4211 823 4268; x_wconf 80' lang='lat' dir='ltr'>Laurenius</span> <span class='ocrx_word' id='word_1_250' title='bbox 841 4213 890 4271; x_wconf 82' lang='lat' dir='ltr'>cit.</span> <span class='ocrx_word' id='word_1_251' title='bbox 913 4218 999 4271; x_wconf 85' lang='lat' dir='ltr'>tract.</span> <span class='ocrx_word' id='word_1_252' title='bbox 1021 4215 1055 4272; x_wconf 80' lang='lat' dir='ltr'>ds</span> <span class='ocrx_word' id='word_1_253' title='bbox 1082 4218 1207 4276; x_wconf 76' lang='lat' dir='ltr'>Viccrtic</span> <span class='ocrx_word' id='word_1_254' title='bbox 1225 4222 1295 4292; x_wconf 77' lang='lat' dir='ltr'>Epi·</span> 
     </span>
     <span class='ocr_line' id='line_1_33' title="bbox 137 4305 671 4377; baseline -0.007 -17"><span class='ocrx_word' id='word_1_255' title='bbox 137 4317 285 4377; x_wconf 78' lang='lat' dir='ltr'>scopora—m</span> <span class='ocrx_word' id='word_1_256' title='bbox 303 4308 353 4359; x_wconf 80' lang='lat' dir='ltr'>etc.</span> <span class='ocrx_word' id='word_1_257' title='bbox 374 4307 488 4375; x_wconf 76' lang='lat' dir='ltr'>quaeat.</span> <span class='ocrx_word' id='word_1_258' title='bbox 510 4305 572 4357; x_wconf 78' lang='grc'><strong><em>460.</em></strong></span> <span class='ocrx_word' id='word_1_259' title='bbox 593 4305 671 4357; x_wconf 66' lang='grc' dir='ltr'>Μ.</span> 
     </span>
    </p>

    <p class='ocr_par' dir='ltr' id='par_1_11' title="bbox 143 4389 1296 4556">
     <span class='ocr_line' id='line_1_34' title="bbox 201 4389 1296 4469; baseline 0.007 -20"><span class='ocrx_word' id='word_1_260' title='bbox 201 4393 239 4469; x_wconf 65' lang='lat'>(5)</span> <span class='ocrx_word' id='word_1_261' title='bbox 260 4396 303 4449; x_wconf 80' lang='lat' dir='ltr'>En</span> <span class='ocrx_word' id='word_1_262' title='bbox 322 4391 456 4464; x_wconf 86' lang='lat' dir='ltr'>pluribus</span> <span class='ocrx_word' id='word_1_263' title='bbox 476 4389 546 4448; x_wconf 78' lang='lat' dir='ltr'>locis</span> <span class='ocrx_word' id='word_1_264' title='bbox 565 4389 638 4448; x_wconf 89' lang='lat' dir='ltr'>iuris</span> <span class='ocrx_word' id='word_1_265' title='bbox 657 4389 798 4448; x_wconf 75' lang='lat' dir='ltr'>civilis‘et</span> <span class='ocrx_word' id='word_1_266' title='bbox 817 4392 947 4450; x_wconf 87' lang='lat' dir='ltr'>canonici</span> <span class='ocrx_word' id='word_1_267' title='bbox 966 4394 1009 4450; x_wconf 87' lang='lat' dir='ltr'>uti</span> <span class='ocrx_word' id='word_1_268' title='bbox 1028 4409 1064 4452; x_wconf 83' lang='lat' dir='ltr'>ex</span> <span class='ocrx_word' id='word_1_269' title='bbox 1085 4410 1149 4468; x_wconf 82' lang='lat' dir='ltr'>cap.</span> <span class='ocrx_word' id='word_1_270' title='bbox 1176 4403 1201 4452; x_wconf 80' lang='lat'>5.</span> <span class='ocrx_word' id='word_1_271' title='bbox 1222 4404 1248 4457; x_wconf 82' lang='lat' dir='ltr'>ct</span> <span class='ocrx_word' id='word_1_272' title='bbox 1266 4404 1296 4457; x_wconf 77' lang='lat'>⁶.</span> 
     </span>
     <span class='ocr_line' id='line_1_35' title="bbox 143 4484 387 4556; baseline -0.016 -15"><span class='ocrx_word' id='word_1_273' title='bbox 143 4485 172 4541; x_wconf 86' lang='lat' dir='ltr'>de</span> <span class='ocrx_word' id='word_1_274' title='bbox 190 4484 251 4556; x_wconf 73' lang='lat' dir='ltr'>[cro</span> <span class='ocrx_word' id='word_1_275' title='bbox 269 4488 387 4554; x_wconf 83' lang='lat' dir='ltr'>compet.</span> 
     </span>
    </p>
   </div>
   <div class='ocr_carea' id='block_1_5' title="bbox 0 0 1717 5300">
    <p class='ocr_par' dir='ltr' id='par_1_12' title="bbox 0 0 1717 5300">
     <span class='ocr_line' id='line_1_36' title="bbox 0 0 1717 5300; baseline 0 0"><span class='ocrx_word' id='word_1_276' title='bbox 0 0 1717 5300; x_wconf 95' lang='lat' dir='ltr'> </span> 
     </span>
    </p>
   </div>
  </div>
 </body>
</html>
