3446 5298
338 383 355 422 1

867 513 905 526 -
927 479 988 542 ara
1011 512 1045 522 -

380 613 458 690 nire
486 609 779 716 quotiescumque
802 606 1007 709 contigerit,
1030 597 1312 682 matrimoniales
1339 619 1468 675 causas
1495 619 1555 672 su·

381 757 446 842 per
469 732 654 813 validitate
682 731 738 812 vel
761 731 928 810 nullitate
956 752 1075 807 coram
1107 723 1266 828 legitimo
1294 719 1418 800 Indice
1440 717 1558 798 disce-

383 859 491 964 ptari‚
515 881 667 960 eumque
695 853 875 962 oportebit
901 854 939 932 in
966 849 1129 956 quolibet
1152 859 1236 927 actu
1260 841 1419 924 iudiciali
1434 841 1554 936 citari,

383 981 509 1060 adesse
536 979 691 1060 examini
720 979 881 1074 testium,
912 1000 997 1056 voce
1025 986 1061 1053 et
1089 971 1232 1076 scriptis
1261 965 1478 1048 matrimonii
1495 991 1559 1044 va-

273 1145 283 1166 ·
382 1101 560 1183 liditatem
588 1107 696 1199 tueri,
728 1128 841 1209 eaque
869 1101 986 1180 omnia
1015 1086 1206 1191 deducam,
1238 1117 1332 1199 quae
1360 1091 1406 1172 ad
1433 1089 1561 1170 matri-

383 1228 541 1306 monium
568 1225 820 1307 sustinendum
846 1223 1049 1304 necessaria
1077 1217 1252 1300 censebit.

463 1353 502 1451 §-
536 1357 573 1428 7.
604 1353 650 1429 ut
668 1348 810 1429 demum
829 1346 1026 1428 delensoris
1054 1340 1260 1424 huiusmodi
1280 1364 1450 1446 persona,
1474 1351 1562 1417 tan·

382 1501 491 1580 qnam
517 1499 601 1579 pars
629 1472 830 1552 necessaria
855 1471 900 1550 ad
930 1468 1053 1550 iudicii
1090 1465 1313 1546 validitatem
1342 1477 1379 1544 ct
1407 1465 1560 1566 integri·

383 1610 493 1676 tatem
521 1609 724 1690 censeatur,
761 1619 971 1701 semperque
1000 1591 1095 1672 adsit
1127 1591 1165 1669 in
1198 1588 1330 1670 iudicio
1358 1587 1433 1666 sire
1461 1611 1561 1665 unus

384 1747 429 1801 er
457 1721 694 1824 coniugibus,
721 1721 785 1824 qni
813 1743 878 1825 pro
908 1718 1076 1796 nullitate
1112 1713 1331 1794 matrimonii
1363 1713 1451 1816 agit,
1482 1713 1560 1790 sire

385 1843 502 1939 ambo,
533 1870 685 1950 quorum
714 1843 805 1923 alter
832 1868 897 1948 pro
927 1841 1110 1936 nullitate,
1146 1839 1237 1918 alter
1266 1861 1350 1916 vero
1377 1861 1442 1941 pro
1470 1835 1565 1913 vali-

384 1969 497 2048 ditate
524 1969 563 2048 in
591 1967 763 2046 iudicium
782 1967 943 2046 veniant.
976 1964 1151 2045 Defensor
1167 1976 1303 2058 auteur,
1334 1987 1414 2041 oum
1433 1962 1467 2040 ei
1482 1987 1564 2040 rnn-

385 2117 454 2170 nus
481 2089 686 2170 huiusmodi
705 2091 959 2185 committetur,
992 2091 1232 2168 iuramentum
1251 2085 1451 2192 praestabit
1473 2083 1564 2163 fide-

384 2215 466 2296 liter
482 2215 636 2295 officium
651 2241 756 2294 suum
775 2213 947 2309 obeundi,
978 2225 1014 2292 et
1032 2215 1328 2320 quotiescumque
1350 2211 1557 2314 contigerit,

384 2352 425 2418 ut
444 2341 481 2418 in
500 2338 632 2418 iudicio
660 2337 784 2417 adesso
804 2337 933 2416 debeat
956 2362 1021 2442 pro
1043 2335 1439 2434 alicuiusmatrimonii
1467 2336 1563 2415 rali-

384 2461 497 2545 ditate
511 2461 661 2557 tuenda,
680 2487 805 2540 rursus
833 2461 927 2540 idern
956 2461 1196 2540 iuramentum
1216 2460 1423 2566 praebebit:
1445 2486 1561 2566 quae-

383 2611 534 2690 cumque
552 2611 648 2681 vero,
658 2611 699 2665 eo
714 2612 786 2666 non
799 2585 957 2688 legitime
973 2587 1082 2665 citato
1097 2598 1160 2664 ant
1175 2585 1353 2680 intimato,
1368 2583 1406 2662 in
1425 2585 1561 2664 iudicio

384 2723 528 2815 peracta
557 2707 705 2803 luerint,
742 2708 856 2804 nulla,
881 2708 997 2805 irrita,
1030 2735 1132 2789 cassa
1156 2709 1393 2803 declaramus
1425 2735 1467 2786 ac
1494 2733 1564 2814 pro

383 2833 507 2928 nullis,
539 2833 649 2912 cassis
678 2859 719 2911 ac
747 2833 859 2912 irritis
897 2833 1022 2912 haberi
1060 2833 1241 2927 volumus,
1283 2831 1432 2937 perinde
1459 2858 1502 2910 ac
1529 2835 1562 2911 si

384 2961 493 3040 citata
521 2972 558 3037 et
586 2959 751 3038 intimata
779 2982 850 3035 non
878 2971 974 3036 esset
1001 2981 1044 3035 ea
1071 2983 1170 3061 pars,
1201 2958 1305 3035 cuius
1333 2957 1436 3034 citari
1465 2957 1565 3035 inte.-

384 3093 494 3176 rerat‚
525 3095 561 3162 et
589 3107 697 3185 quam
725 3081 826 3160 iuxta
853 3079 971 3182 legum
999 3093 1035 3158 et
1062 3087 1240 3160 canonum
1268 3081 1491 3185 praescripta
1511 3079 1560 3158 ad

382 3207 577 3310 legitimam
605 3203 728 3283 iudicii
756 3202 979 3284 validitatem
1007 3204 1111 3284 citari
1140 3218 1204 3283 aut
1233 3204 1391 3282 intimari
1416 3207 1564 3283 omnino

383 3327 625 3408 necessarium
653 3340 745 3406 erat.

463 3457 502 3554 ξ.
522 3463 559 3532 8.
578 3457 663 3532 Cum
678 3451 788 3554 igitur
802 3477 919 3530 coram
939 3450 1143 3548 Ordinario,
1160 3451 1206 3530 ad
1218 3477 1326 3558 quem
1345 3477 1473 3530 causas
1488 3451 1561 3529 bu-

383 3576 536 3656 iusmodi
565 3598 775 3678 cognoscere
804 3575 976 3682 pertinet,
1007 3575 1249 3654 controversia
1277 3574 1399 3681 aliqua
1428 3599 1562 3680 propo-

382 3713 503 3794 netur,
534 3699 572 3777 in
599 3725 670 3803 qua
699 3696 743 3777 de
774 3697 990 3777 matrimonii
1019 3697 1204 3777 validitate
1242 3695 1490 3790 dubitabitur,
1521 3711 1561 3776 et

383 3821 623 3902 existentibus
630 3821 688 3928 jin
716 3821 848 3900 iudicio
876 3821 932 3899 vel
960 3843 1032 3900 uno
1060 3845 1105 3898 ex
1133 3821 1371 3924 coniugibus,
1403 3823 1467 3926 qui
1494 3845 1561 3926 pro

383 3949 551 4028 nullitate
569 3947 801 4041 matrimonii,
835 3947 890 4026 vel
910 3945 1098 4042 ambobus,
1130 3973 1283 4052 quorum
1302 3947 1393 4026 alter
1416 3972 1482 4052 pro
1497 3973 1564 4024 ra-

383 4071 538 4168 liditate,
570 4072 660 4150 alter
687 4095 772 4148 vero
798 4095 863 4175 pro
891 4070 1057 4148 nullitate
1087 4069 1262 4150 actionem
1294 4067 1475 4164 intendat,
1498 4067 1567 4148 de-

381 4196 501 4274 fensor
531 4194 746 4274 matrimonii
774 4207 896 4299 partes
926 4219 1048 4272 omnes
1076 4193 1182 4272 officii
1211 4195 1268 4274 sni
1287 4193 1565 4298 diligenterad-

382 4319 542 4424 impleat.
582 4323 710 4423 ltaque
739 4317 770 4396 si
802 4345 823 4395 a
851 4317 975 4396 Iudice
1015 4342 1079 4421 pro
1115 4319 1333 4400 matrimonii
1372 4316 1562 4397 validitate

381 4441 614 4537 iudicabitur,
644 4454 681 4521 et
708 4440 830 4520 nullus
867 4440 915 4521 sit
950 4443 1012 4546 qui
1049 4441 1219 4547 appellet,
1261 4442 1339 4549 ipse
1373 4442 1482 4522 etiarn
1510 4443 1560 4522 ab
