3406 5302
838 359 1014 422 -262-

339 483 452 562 solum
480 509 501 560 a
529 482 684 588 parocho
713 483 794 578 looi,
827 486 864 561 in
897 510 969 589 quo
997 509 1063 589 pro
1100 496 1257 588 tempore
1291 497 1508 577 versantur,

339 607 424 714 quia
453 621 489 686 et
517 607 569 684 illi
597 608 797 685 necessario
826 607 959 686 hahere
987 606 1120 686 debent
1135 607 1324 713 proprium
1353 608 1506 711 aliquem

339 744 517 836 pastorem
546 757 566 807 a
594 756 666 835 quo
693 744 916 811 sacramenta
944 731 1156 839 suseipiant‚
1188 755 1254 810 neo
1280 731 1373 810 alius
1400 757 1506 836 quam

229 927 231 934 ,
340 853 401 932 ille
430 878 584 956 congrue
613 853 788 957 assignari
816 869 948 960 potest.

419 977 586 1067 Quamvis
615 978 737 1083 itaque
764 981 879 1058 Titius
898 1005 1011 1084 oopus
1031 980 1172 1075 fuisset,
1191 981 1414 1087 probabilius
1433 1007 1509 1060 ma-

341 1101 544 1180 trimonium
573 1101 782 1181 contrahere
810 1101 994 1183 debuisset
1013 1129 1129 1182 eoram
1148 1105 1302 1208 parooho
1329 1104 1506 1184 Eoolesiae

340 1249 371 1302 s.
403 1225 601 1318 Laurentii,
633 1225 670 1301 in
698 1225 800 1304 euius
828 1227 996 1331 parochia
1025 1241 1112 1306 tuno
1140 1227 1309 1331 temporis
1337 1227 1508 1305 versaba-

340 1361 414 1425 tur.
447 1345 514 1425 Sed
544 1346 610 1426 hoo
637 1347 783 1426 missum
820 1347 968 1444 iaciens,
999 1349 1133 1455 quippe
1169 1348 1434 1454 probabilitatis
1463 1351 1508 1428 li·

338 1471 444 1550 mites
472 1497 543 1549 non
573 1471 730 1551 ereedit:
762 1473 851 1552 illud
878 1487 1018 1552 tanturn
1046 1499 1194 1579 quaero,
1225 1501 1272 1551 an
1300 1499 1426 1578 reapse
1453 1476 1505 1554 uti

338 1619 449 1698 oopus
480 1594 604 1674 haberi
632 1596 750 1699 potuit
787 1597 901 1675 Titius
930 1610 1101 1702 ternpore,
1131 1621 1203 1702 quo
1239 1598 1505 1675 matrimonium

339 1718 532 1797 contraxit.
565 1723 695 1796 Verum
722 1718 866 1824 quidem
894 1733 962 1815 est,
984 1719 1080 1826 quod
1109 1720 1186 1826 ipse
1213 1719 1348 1798 iamdiu
1376 1719 1507 1798 Helve-

339 1843 411 1920 tiae
430 1842 508 1920 vale
524 1840 678 1937 dixerat,
700 1842 888 1948 patrioque
908 1843 1084 1922 domieilio
1103 1843 1241 1939 relieto,
1264 1843 1444 1923 civitatem
1460 1847 1505 1922 N.

340 1966 507 2070 petierat.
540 1963 609 2042 Sed
638 1991 750 2071 aeque
779 1991 901 2045 verum
930 1981 998 2062 est,
1029 1981 1064 2046 et
1092 1993 1136 2046 er
1164 1968 1253 2046 uotis
1278 1967 1508 2046 iudicialibus

344 2095 432 2173 satis
460 2119 639 2200 superque
667 2108 821 2189 onustat,
852 2095 947 2199 quod
976 2099 1051 2202 ipse
1070 2097 1108 2173 in
1127 2096 1195 2173 hae
1213 2095 1358 2175 civitate
1387 2097 1507 2176 sedem

344 2233 535 2315 statuerat,
568 2245 632 2298 seu
670 2220 886 2299 domioilium
914 2221 1041 2298 fixerat
1076 2219 1197 2296 animo
1225 2233 1262 2298 et
1288 2221 1399 2324 [octo.
1434 2225 1509 2299 Iam

344 2344 438 2422 enim
468 2369 488 2420 a
515 2356 678 2447 quatuor,
698 2343 824 2422 saltem
852 2343 956 2420 aunis
984 2355 1068 2421 ante
1087 2344 1350 2422 matrimonium
1366 2343 1415 2422 ibi
1435 2368 1511 2421 mo-

343 2465 515 2562 rabatur;
547 2481 775 2546 consenserat
795 2481 834 2546 ut
853 2466 936 2544 Gaia
965 2461 1107 2544 domum
1134 2465 1348 2545 eonduoeret
1368 2467 1509 2562 nomine

345 2590 459 2695 ipsius
487 2590 588 2686 Titii3
621 2590 716 2696 apud
744 2616 822 2670 earn
841 2593 877 2670 io
906 2591 967 2668 illa
995 2591 1098 2670 domo
1131 2603 1303 2694 tanquam
1331 2593 1512 2670 eonviotor

345 2713 613 2810 diversabatur3
645 2740 730 2793 suas
758 2739 883 2819 operas
907 2715 944 2791 in
963 2714 1102 2792 offieina
1136 2713 1355 2818 lithographi
1383 2713 1421 2790 in
1449 2737 1509 2792 ea-

346 2835 425 2916 dem
453 2837 543 2916 urbe
580 2838 759 2918 locaverat
796 2837 877 2944 (Cir
904 2862 1024 2943 praee.
1058 2863 1095 2914 o.
1128 2835 1199 2941 3);
1241 2837 1385 2916 tandem
1417 2837 1512 2942 ipse·

347 2976 421 3042 met
458 2965 572 3042 Titius
618 2976 692 3043 toto
726 2989 813 3043 suae
845 2961 1078 3068 depositionis
1114 2973 1284 3041 contextu
1325 2961 1361 3039 id
1403 2962 1508 3067 plane

347 3085 504 3166 dederat
532 3087 678 3194 (detor.
720 3087 795 3166 soll.
837 3093 884 3167 to
923 3101 960 3166 et
997 3111 1097 3190 seqq.
1114 3085 1143 3188 )‚
1179 3087 1268 3190 quin
1305 3087 1410 3165 immo
1448 3111 1512 3190 pa-

347 3212 493 3290 roohum
521 3237 552 3289 s.
584 3211 768 3290 Laurentii
791 3221 975 3315 nuncupat
1002 3212 1184 3315 proprium
1211 3211 1405 3314 paroohum
1433 3224 1508 3288 turn

348 3337 419 3430 sui,
454 3347 526 3414 tuno
554 3335 672 3430 Gaiae,
704 3335 749 3414 ad
781 3331 1044 3413 distinctionem
1075 3335 1224 3438 paroohi
1250 3361 1281 3412 s.
1313 3333 1508 3426 Franoisoi,

348 3486 454 3565 quern
482 3459 675 3564 paroohum
704 3459 851 3565 eripieris
880 3459 966 3538 dioit
994 3461 1096 3536 Gaiae
1125 3459 1260 3564 (detor.
1283 3457 1344 3536 fol.
1370 3454 1452 3561 18),
1475 3469 1512 3535 et

347 3597 424 3663 tum
452 3585 540 3662 haee
558 3596 634 3662 tum
655 3596 765 3662 testes
783 3585 1001 3662 unanimiter
1015 3582 1212 3687 deponunt,
1236 3584 1366 3661 Titium
1387 3607 1509 3660 uerum

348 3706 565 3786 domicilium
593 3709 632 3786 in
659 3707 804 3785 eivitate
831 3706 999 3785 habuisse
1018 3705 1120 3787 domi
1141 3709 1243 3784 Caiae
1263 3719 1420 3810 tempore
1440 3729 1513 3809 quo

347 3831 612 3910 matrimonium
641 3831 834 3909 celebravit
862 3829 941 3936 (Cir
968 3855 1032 3908 nn.
1052 3841 1096 3910 31
1114 3821 1156 3909 'et
1175 3829 1346 3935 seqq.).-
1366 3834 1413 3908 Et
1434 3829 1512 3907 his-

349 3981 388 4034 ee
417 3955 557 4060 positis,
589 3954 670 4058 quis
698 3979 806 4032 sanae
833 3955 963 4032 mentis
990 3953 1157 4033 dubitare
1184 3954 1240 4032 vel
1276 3977 1436 4032 asserere
1455 3976 1512 4030 se-

348 4082 401 4158 rio
438 4077 587 4184 poterit,
618 4078 749 4157 Titium
787 4091 943 4182 ternpore
981 4077 1150 4157 attentati
1187 4076 1419 4170 matrimonii,
1456 4073 1510 4154 uti

349 4227 479 4307 napum
508 4201 617 4280 fuisse
645 4201 882 4282 censendum?
897 4246 921 4262 -
938 4202 1005 4281 Sed
1025 4225 1138 4308 apage
1157 4200 1359 4281 huiusmodi
1378 4224 1505 4304 nugae,

348 4349 395 4404 ne
422 4325 535 4404 dieam
564 4325 731 4431 ineptias.
