3446 5298
661 507 837 570 -toe-

161 629 285 737 quiras
300 631 534 737 apostolicum
550 631 737 727 iudicium,
751 657 822 738 quo
837 645 970 711 certam
985 657 1026 709 ac
1042 645 1156 711 urtam
1172 632 1332 736 regulam

161 780 284 834 omnes
311 756 473 834 unanimi
502 781 611 835 sensu
639 769 786 836 teneant
824 769 933 861 atque
960 769 1174 861 sequantur,
1198 770 1237 834 ut
1256 782 1334 834 ma-

162 867 280 956 turius
299 877 337 956 in
357 903 394 957 re
413 880 506 959 tanti
531 881 700 958 momenti
721 878 918 958 deliberare
938 904 1136 984 possemus,
1160 879 1333 959 adhibitis

164 998 203 1078 in
239 999 425 1081 consilium
463 1001 644 1082 nonnullis
681 1029 740 1081 vv.
773 1001 812 1080 n.
855 1003 986 1081 nostris
1024 1007 1061 1080 S.
1093 1006 1140 1080 R.
1173 1005 1215 1081 E.
1249 1007 1333 1082 Car-

163 1124 360 1222 dinalibus‚
392 1151 585 1232 eorumque
614 1153 686 1208 non
714 1129 846 1222 minus,
877 1153 984 1231 qnam
1001 1127 1202 1232 aliquorum
1230 1127 1334 1207 theo-

163 1251 278 1354 logica
293 1251 454 1331 doctrina
474 1252 737 1358 praestantium
756 1252 912 1330 virorum
932 1251 1122 1357 exquisitis
1137 1251 1330 1354 suffragiis

166 1374 310 1454 easdem
339 1401 457 1455 coram
486 1375 595 1455 Nobis
624 1375 880 1455 examinandas
918 1375 1135 1455 curavimus
1167 1379 1331 1455 Ceterum

166 1500 375 1604 religionem
403 1501 590 1606 zelumque
620 1514 721 1580 tuum
750 1503 788 1578 in
817 1499 954 1608 primia,
986 1513 1155 1604 tuamque
1176 1500 1213 1578 in
1242 1499 1335 1578 hanc
1443 1599 1445 1606 Ι

165 1650 197 1702 s.
229 1622 355 1704 Sedem
384 1623 645 1704 observantiam
675 1623 797 1703 effusis
834 1649 874 1702 ac
910 1623 1016 1730 plane
1054 1621 1185 1702 debitis
1213 1648 1336 1729 prose-

165 1748 309 1854 quimur
337 1747 525 1845 laudibus,
556 1747 652 1854 quod
673 1773 717 1826 ex
737 1748 849 1828 veteri
869 1773 980 1843 more,
1004 1747 1241 1852 institutoque
1260 1773 1336 1826 rna·

167 1871 283 1949 iorum
311 1871 405 1950 hanc
432 1873 528 1950 Petri
557 1867 770 1951 Cathedram
800 1869 1054 1950 consulendam
1082 1895 1158 1949 esse
1187 1895 1338 1950 censue-

169 1995 221 2074 ris
249 1995 309 2102 (1)
338 2019 410 2075 non
438 1995 585 2097 ignarus
613 1995 772 2100 antiquis
800 1995 933 2098 regulis
952 1995 1128 2074 sancitum
1148 1995 1272 2090 luisse,
1294 2009 1336 2074 ut

170 2119 348 2226 qnidqnid
382 2120 546 2224 quamvis
574 2121 611 2198 in
643 2121 787 2200 remotis
816 2119 872 2200 vel
900 2121 937 2198 in
974 2121 1168 2224 longinquo
1208 2119 1334 2224 positis

173 2257 341 2346 ageretur
368 2244 575 2349 provinciis,
606 2267 678 2323 non
705 2243 806 2348 prius
833 2242 1059 2322 tractandum
1075 2244 1132 2322 rel
1159 2244 1337 2348 accipien-

171 2367 259 2447 dum
287 2393 380 2464 esse,
412 2369 481 2446 nisi
510 2368 554 2448 ad
583 2367 748 2446 notitiam
776 2367 890 2446 almae
915 2365 1015 2447 Sedis
1043 2383 1185 2448 nostrae
1214 2368 1340 2448 luisset

170 2491 381 2588 deductum,
413 2505 455 2570 ut
483 2491 591 2571 huius
619 2491 846 2586 auctoritate,
879 2492 973 2570 iusta
993 2517 1084 2596 quae
1113 2491 1239 2571 fuisset
1258 2517 1342 2598 pro-

170 2617 369 2712 nunciatio,
401 2615 617 2711 firmaretur,
650 2613 803 2719 indeque
836 2628 1017 2694 sumerent
1050 2629 1187 2695 ceterae
1218 2615 1340 2695 Eccle-

173 2737 263 2833 siae,
295 2738 395 2817 velut
423 2735 468 2816 de
495 2736 608 2815 natali
628 2761 693 2814 sno
712 2734 824 2830 lente,
847 2733 1122 2841 praedicationis
1138 2736 1337 2831 exordium,

170 2877 209 2943 et
236 2888 300 2968 per
328 2861 489 2941 diversas
517 2861 628 2940 totins
656 2859 780 2939 mundi
809 2863 970 2964 regiones
986 2861 1154 2966 puritatis
1182 2861 1343 2940 incorru-

171 3000 255 3093 ptae
283 2998 470 3065 manarent
498 2983 580 3063 fidei
609 2995 830 3064 sacramenta
858 2983 999 3063 salutis

254 3113 371 3213 Atque
398 3121 440 3187 ut
467 3107 512 3187 ad
541 3133 614 3186 rem
643 3105 867 3203 accedamus,
899 3107 988 3186 illud
1015 3106 1129 3213 primo
1157 3105 1267 3185 Nobis
1305 3107 1342 3184 in

171 3231 366 3340 praedictis
394 3233 467 3311 tuis
495 3233 626 3312 litteris
654 3230 876 3336 significasti,
896 3232 1092 3311 Electorem
1120 3230 1338 3322 Palatinum,

172 3356 232 3436 die
261 3366 284 3435 8
314 3354 517 3456 novembris
545 3353 629 3433 anni
657 3357 816 3461 proxime
846 3354 971 3460 elapsi,
994 3353 1250 3460 Monaohiipro
1270 3364 1345 3432 tota

172 3507 239 3560 sua
268 3480 402 3560 ditione
431 3479 572 3558 dedisse
600 3477 823 3573 mandatum,
854 3503 926 3583 quo
958 3481 1233 3584 protestantium
1271 3501 1346 3554 ma-

173 3605 420 3684 trimoniorum
431 3603 715 3699 dissolutionem,
730 3603 1004 3683 acatholicorum
1015 3616 1253 3682 conventuum
1264 3627 1347 3680 sen-

171 3729 286 3808 tentia
297 3729 490 3824 decretam,
504 3727 637 3833 ubique
657 3741 839 3834 tamquam
858 3725 1013 3805 validam
1029 3726 1231 3806 habendam
1249 3751 1342 3820 esse,

170 3853 382 3958 nullumque
412 3850 706 3958 impedimentum
734 3853 828 3958 parti
858 3855 907 3930 ita
937 3850 1089 3946 solutae,
1117 3851 1146 3930 si
1171 3849 1347 3941 catholico

174 3979 232 4058 vel
247 3979 443 4060 catholicae
459 3977 596 4058 nubere
612 3979 712 4074 velit,
732 3977 1032 4082 interponendum
1048 4002 1144 4056 esse:
1167 3991 1243 4055 turn
1263 4000 1346 4054 vero

173 4103 413 4182 allarchione
428 4101 582 4182 Badensi
597 4101 690 4182 idem
704 4127 848 4208 quoque
867 4099 1090 4196 mandatum,
1113 4099 1255 4181 decreto
1273 4098 1344 4178 diei

175 4239 220 4309 31
255 4227 408 4306 ianuarii
446 4227 624 4306 currentis
661 4225 762 4321 anni,
795 4225 1002 4332 adoptatum
1042 4224 1149 4304 luisse
1183 4239 1256 4304 tam
1283 4249 1347 4329 pro

244 4421 281 4496 (1)
301 4425 334 4479 ln
354 4423 442 4494 ttpist.
462 4419 599 4478 Afrorum
624 4417 660 4476 ad
679 4418 858 4475 Theodorum
887 4419 993 4488 Papam
1019 4415 1048 4472 ln
1074 4415 1182 4473 concil.
1209 4417 1345 4474 Lateran.

171 4513 228 4570 snb
250 4511 371 4569 ltortino
384 4513 407 4568 Ι.
428 4513 491 4568 Act.
506 4515 534 4566 2.
552 4513 620 4566 tom.
636 4513 662 4562 o.
679 4506 788 4565 concil.
811 4505 900 4563 Labh.
919 4519 991 4577 pop.
1007 4509 1058 4563 {28
1077 4505 1193 4562 inserta.
