3446 5298
843 467 880 479 -
901 436 960 496 :tut
981 467 1018 478 -

346 557 382 634 in
411 557 515 634 aliam
544 557 728 636 civitatem
757 563 816 654 t,
849 559 969 663 ibique
997 559 1093 637 curis
1122 558 1307 637 cuiusdam
1328 571 1514 637 matronae

346 679 510 758 tradidit.
543 681 693 776 Deinde,
736 682 860 760 eadem
893 682 1086 761 comitante
1123 696 1299 776 matrona,
1341 707 1406 760 nec
1443 708 1515 761 non

346 803 508 907 praelata
537 805 667 884 aneilla
700 820 736 885 ot
774 831 877 884 servo
914 807 1073 900 militari,
1110 806 1148 883 in
1180 807 1287 892 aliam
1330 807 1516 886 civitatem

350 933 392 1006 B.
438 928 533 1007 misit
576 929 672 1034 apud
713 930 893 1034 quendam
944 931 1227 1036 iurisperitum;
1282 955 1322 1007 ac
1374 929 1516 1006 demum

345 1054 469 1158 paucis
497 1053 629 1158 clapsis
657 1051 798 1146 diebus,
831 1055 868 1132 in
888 1055 1075 1159 pristinam
1091 1069 1274 1132 matronae
1295 1053 1438 1132 domum
1457 1077 1517 1130 re-

344 1175 461 1255 duxit.
482 1176 608 1281 lbique
630 1177 774 1256 tandem
795 1193 875 1284 post
891 1178 1076 1257 duodecim
1092 1178 1167 1256 dies
1187 1205 1207 1254 a
1227 1191 1382 1283 sequuta
1398 1175 1516 1254 abdu-

346 1295 478 1390 ctione,
497 1296 723 1376 continenter
738 1312 904 1377 manente
920 1299 1038 1404 puella
1050 1299 1117 1378 sub
1125 1298 1322 1404 Sempronii
1332 1311 1514 1404 potestate

346 1445 409 1525 per
437 1421 525 1498 alios
554 1422 726 1516 exercita,
763 1423 1026 1500 matrimonium
1059 1421 1278 1501 celebratum
1307 1435 1362 1499 est
1395 1445 1514 1498 coram

347 1545 517 1650 parocho,
536 1543 706 1638 testibus,
730 1546 880 1652 aliisque
900 1545 1081 1625 nobilibus
1101 1546 1201 1640 viris,
1219 1546 1354 1624 sciente
1370 1571 1410 1622 ac
1429 1569 1517 1622 con-

348 1670 528 1748 sentiente
566 1695 719 1774 sponsae
757 1671 948 1764 avunculo‚
985 1672 1118 1750 sciente
1148 1697 1188 1750 ao
1221 1671 1396 1777 probante
1429 1669 1517 1774 Epi-

346 1821 470 1900 scopo;
497 1795 661 1900 quantus
680 1796 814 1901 puella,
837 1797 972 1900 pluries
991 1811 1098 1874 antea
1117 1796 1359 1902 patefecisset,
1378 1821 1416 1874 se
1431 1794 1516 1872 abs-

348 1943 417 2024 que
447 1916 694 1996 benedictione
723 1933 884 1997 materna
912 1919 1005 1997 nolle
1034 1919 1180 2024 nuptias
1209 1919 1312 1997 inire.

426 2051 490 2120 21.
509 2045 551 2118 ln
563 2057 688 2120 mutua
703 2043 798 2120 vitae
812 2041 1071 2121 consuetudine
1087 2069 1148 2120 serr
1165 2043 1261 2120 ultra
1278 2067 1390 2119 annos
1405 2065 1516 2147 spon-

347 2166 378 2244 si
395 2179 618 2260 manserunt,
636 2165 810 2272 binosque
826 2165 916 2244 lilios
931 2165 1116 2271 assequuti
1132 2181 1232 2245 strut.
1247 2165 1402 2244 Tandem
1418 2179 1515 2244 mota

346 2289 409 2367 lite
425 2315 533 2393 super
550 2290 751 2368 matrimoni
768 2289 950 2387 nullitate,
969 2317 1082 2396 eaque
1097 2291 1308 2369 deveniente
1323 2291 1367 2369 ad
1384 2295 1510 2370 sut.

344 2413 413 2492 sub
442 2413 565 2492 dubio:
597 2422 651 2492 An
680 2428 810 2493 constet
837 2415 878 2494 de
906 2415 1071 2494 nullitate
1100 2417 1321 2494 matrimonii
1348 2418 1387 2494 in
1406 2442 1508 2501 ceso,

345 2559 385 2612 rc
411 2549 551 2614 mature
588 2535 782 2632 discussa,
813 2561 1022 2641 responsum
1058 2535 1207 2640 prodiit,
1247 2535 1304 2614 die
1336 2545 1384 2613 18
1423 2535 1515 2613 iunii
1566 2575 1574 2582 ·

348 2667 472 2739 1859:
505 2658 740 2764 Affirmotioe,
769 2659 883 2764 firmis
920 2659 1181 2738 remanentibus
1201 2659 1337 2737 iuribus
1356 2657 1517 2764 filiorum

342 2797 451 2889 prout
478 2795 511 2862 et
539 2795 713 2889 quotenos
741 2783 782 2862 dc
809 2785 900 2862 inre.
932 2783 1053 2862 Habes
1081 2783 1148 2862 hoe
1168 2785 1327 2888 exemplo
1359 2783 1516 2887 puellam

345 2905 476 2986 dolosis
492 2907 806 2991 sollicitationibus
829 2909 927 3013 prius
952 2909 1131 3004 allectam,
1157 2908 1286 2988 deinde
1315 2933 1398 2986 vero
1417 2922 1517 2987 stru-

345 3030 413 3108 ctis
441 3031 552 3109 veluti
581 3029 735 3126 retibus,
767 3031 952 3136 inopinato
971 3057 989 3110 e
1006 3045 1167 3111 materna
1184 3031 1286 3111 domo
1303 3031 1512 3127 abductam,

344 3179 416 3259 que
443 3155 565 3234 hostili
595 3156 704 3252 lacto,
736 3157 1001 3235 matrimonium
1034 3159 1145 3236 veluti
1175 3159 1415 3236 necessarium
1448 3156 1514 3235 de·

346 3279 458 3358 venit.
499 3277 599 3368 Quod
634 3279 767 3358 lacteam
795 3280 1065 3360 similitudinem
1103 3281 1212 3361 habet
1233 3307 1313 3360 cum
1342 3306 1383 3360 eo
1414 3279 1513 3386 quod

345 3425 455 3505 supra
483 3403 715 3506 exposuimus
744 3403 781 3480 in
817 3429 925 3482 causa
954 3403 1192 3490 matrimonii,
1208 3406 1246 3481 in
1274 3431 1345 3509 qua
1374 3405 1509 3509 puella,

244 3515 252 3530 ’
345 3526 620 3605 machinationis
649 3530 788 3629 ignara,
820 3530 857 3606 in
885 3555 1011 3607 manus
1031 3529 1097 3607 viri
1117 3529 1277 3635 rapinam
1306 3529 1515 3608 meditantis

344 3648 553 3743 devenerat,
578 3636 698 3755 ¹enque
726 3651 794 3730 sub
823 3653 888 3730 viri
918 3667 1106 3758 potestate·
1124 3653 1255 3732 dolosis
1290 3653 1430 3732 artibus
1458 3678 1518 3731 re-

343 3789 458 3870 tenta,
490 3789 530 3854 ut
559 3774 789 3854 induceretur
817 3776 862 3854 ad
891 3778 1154 3856 matrimonium
1181 3778 1479 3856 contrabendum.

423 3907 487 3976 22.
519 3902 571 3976 Ex
600 3897 732 4002 quibus
760 3899 939 3992 omnibus,
962 3926 1003 3977 ea
1036 3925 1129 4004 quae
1152 3915 1308 4005 quatuor
1327 3901 1512 3979 innuimus

344 4019 451 4098 buius
479 4020 751 4126 disceptationis
779 4023 895 4101 titulis
923 4023 959 4100 in
987 4047 1099 4100 unum
1119 4024 1341 4126 colligentes
1366 4025 1513 4102 conclu-

342 4145 378 4223 di
419 4171 522 4250 posse
564 4141 734 4224 videtur:
780 4151 810 4223 Ι.
846 4162 989 4252 raptum
1018 4147 1080 4252 qui
1117 4147 1222 4227 cadat
1260 4147 1329 4226 sub
1365 4147 1511 4226 decreto

342 4269 486 4348 Concilii
525 4296 596 4348 non
634 4269 774 4366 baberi,
809 4271 954 4375 quande
987 4271 1209 4376 praecedunt
1250 4286 1393 4378 raptum
1427 4298 1515 4352 con-

342 4393 528 4473 cludentes
556 4407 733 4474 tractatus
765 4395 809 4473 dc
841 4395 1066 4475 matrimonio
1097 4395 1267 4475 ineundo.
1312 4400 1387 4475 Hoc
1414 4396 1510 4476 enim
