3446 5298
841 377 1014 440 ..366-

425 514 490 586 et.
508 501 610 593 cuod
630 504 659 581 si
676 502 867 583 obiiciatur
881 529 923 582 eo
938 504 1015 609 ipso
1028 501 1124 608 quod
1140 501 1267 580 mulier
1282 501 1403 606 raptui
1422 523 1509 578 oon-

344 633 495 725 sentiat,
527 627 669 708 cidetur
698 630 735 707 in
762 631 1027 709 matrimonium
1054 628 1272 724 consentire,
1289 626 1374 732 quia
1390 624 1511 730 raptui

342 756 523 839 consentit
553 767 699 859 propter
727 755 1009 850 matrimonium,
1039 769 1075 834 ot
1105 753 1185 834 ideo
1212 752 1352 830 seclusa
1381 775 1513 856 paren-

345 896 422 964 tum
450 881 597 977 iniuria,
631 905 813 984 uunquam
844 879 1018 958 rationem
1047 892 1172 983 raptus
1200 877 1330 982 dequo
1358 877 1511 980 agimus,

345 1005 382 1086 in
411 1005 559 1086 muliere
587 1002 833 1082 consentiente
863 1003 1052 1098 verificari,
1082 1001 1359 1106 respondemus:
1378 1001 1515 1079 resolu-

347 1127 480 1208 tionem
508 1127 616 1206 buius
652 1126 873 1231 quaestionis
901 1151 944 1205 er
983 1126 1177 1206 individuis
1215 1125 1300 1206 lacti
1333 1125 1514 1204 adiunctis

349 1265 462 1330 totam
490 1250 661 1356 pendere.
694 1249 730 1326 Si
757 1249 850 1328 enim
879 1250 1008 1328 mulier
1035 1250 1087 1328 ita
1106 1251 1144 1328 iu
1163 1249 1413 1328 abductionem
1428 1273 1515 1326 con·-

350 1373 484 1452 sentiat
512 1386 554 1451 ut
582 1371 730 1450 liberius
762 1373 1025 1452 matrimonium
1053 1373 1258 1470 contrabat,
1293 1386 1330 1451 et
1358 1373 1424 1450 boc
1451 1369 1517 1448 ab·

350 1497 532 1576 ductionis
569 1495 684 1574 medio
719 1509 844 1574 utatur
871 1496 916 1575 ad
954 1497 1138 1576 obstacula
1176 1497 1412 1593 removenda,
1443 1521 1514 1574 nou

352 1619 494 1699 videtur
523 1633 662 1726 raptus,
694 1620 757 1698 scd
776 1621 926 1724 simplex
947 1621 1046 1724 luga,
1068 1622 1231 1726 quamvis
1251 1621 1370 1726 aliqua
1385 1619 1516 1699 iniuria

351 1743 563 1851 parentibus
590 1743 889 1822 dissentientibus
917 1745 1108 1847 irrogetur.

434 1877 498 1946 25.
523 1873 566 1944 tt
594 1868 623 1943 si
644 1868 698 1945 vir
716 1882 814 1946 recta
833 1869 890 1946 via
911 1893 981 1946 non
998 1873 1109 1975 possit
1128 1870 1287 1950 mulieris
1306 1893 1519 1949 consensum

354 1991 392 2066 in
420 1989 685 2070 matrimonium
713 1991 889 2088 obtinere,
921 2007 957 2071 et
986 1993 1067 2072 iude
1096 1994 1257 2099 rapinam
1277 1994 1351 2072 sive
1379 1991 1519 2098 puellae

355 2111 491 2191 lurtum
519 2113 729 2210 meditatus,
761 2115 907 2220 incipiat
936 2117 1157 2222 inexpertam
1186 2117 1341 2222 puellam
1370 2117 1521 2195 circum-

355 2236 477 2313 venire
506 2235 659 2332 insidiis,
690 2237 1005 2318 sollicitationibus
1033 2240 1165 2319 dolosis
1184 2255 1254 2320 etc.
1277 2255 1318 2319 ut
1347 2241 1444 2318 bisce
1464 2265 1522 2316 ar-

356 2355 454 2436 tibus
481 2372 517 2437 et
546 2359 602 2437 bis
629 2361 888 2464 quodammodo
916 2363 1068 2460 retibus,
1087 2365 1243 2469 aliquam
1262 2365 1439 2443 versatilis
1453 2389 1521 2468 pu·

355 2479 446 2558 ellae
475 2484 764 2586 complacentiam
784 2501 1013 2592 extorqueat,
1030 2515 1102 2592 qua
1122 2487 1268 2568 obtenta
1297 2489 1333 2566 in
1361 2501 1521 2592 spretum

357 2619 547 2706 parentum
576 2631 654 2684 eam
683 2608 815 2714 rapiat,
851 2635 954 2688 nemo
981 2636 1052 2688 non
1085 2611 1197 2708 videt,
1235 2613 1350 2690 virum
1377 2611 1521 2716 quidem

347 2725 543 2840 'intendere
562 2731 717 2835 puellam
737 2733 774 2810 in
788 2735 1053 2814 matrimonium
1072 2761 1211 2838 cogere,
1233 2737 1388 2842 puellam
1403 2749 1522 2814 autem

357 2849 497 2929 insidiis
525 2852 607 2950 riri,
628 2879 672 2932 er
700 2856 1001 2936 circumventione
1028 2859 1288 2963 quodammodo
1311 2859 1520 2954 adhaerere,

357 2973 447 3076 quin
466 2977 543 3079 ipsa
561 2979 655 3056 serio
675 2981 840 3059 advertat
859 3007 897 3060 se
912 2983 958 3060 ad
972 2984 1176 3086 coniugium
1197 2983 1392 3062 ineundum
1412 2982 1522 3085 adigi,

358 3098 454 3201 quod
482 3115 610 3204 sponte
639 3117 675 3182 et
703 3118 826 3183 contra
855 3121 1043 3210 parentum
1072 3108 1308 3203 voluntatem,
1339 3131 1524 3211 nunquam

360 3219 479 3300 lorsan
509 3222 635 3302 luisset
663 3225 812 3306 initura.

442 3355 505 3424 26.
538 3352 638 3426 Hauc
667 3351 839 3431 rationem
869 3356 1133 3456 agendieorum
1163 3355 1225 3459 qui
1255 3353 1352 3432 bisce
1385 3352 1526 3431 artibus

361 3473 603 3575 praestitutis,
626 3475 832 3582 inexpertas
846 3477 974 3556 deinde
990 3481 1136 3583 rapiunt
1150 3479 1304 3583 puellas,
1321 3499 1525 3581 comparare

359 3593 620 3698 quodammodo
648 3623 771 3702 posses
798 3627 877 3679 cum
898 3602 1035 3680 ratione
1051 3602 1179 3704 agendi
1198 3627 1319 3680 eorum
1339 3601 1401 3705 qui
1422 3600 1527 3678 bamo

360 3717 507 3822 capiunt
537 3721 652 3825 pisces
679 3737 716 3802 et
744 3751 829 3802 ares
857 3725 1008 3804 retibus

439 3851 502 3922 27.
525 3849 641 3934 Quare
669 3847 762 3927 sicut
780 3875 823 3927 er
843 3850 919 3928 sola
939 3849 1069 3928 iniuria
1090 3849 1302 3956 parentibus
1324 3848 1379 3926 rel
1404 3847 1527 3926 insciis

360 3965 413 4044 vel
430 3965 727 4050 dissentientibus
742 3972 857 4069 illata,
875 3987 1002 4078 raptus
1016 3999 1088 4052 non
1103 3973 1247 4052 videtur
1265 3971 1457 4068 committi3
1477 3971 1529 4050 ita

361 4088 469 4168 etiam
498 4116 542 4169 ex
570 4093 717 4198 aliquali
745 4121 920 4176 consensu
950 4097 1108 4176 mulieris
1127 4097 1162 4174 in
1180 4111 1337 4202 raptum,
1360 4096 1452 4174 ratio
1472 4121 1532 4174 ra-

362 4226 446 4316 ptus
474 4240 546 4294 non
573 4217 716 4298 uidetur
743 4220 898 4300 excludi.

839 4417 1047 4430 unu—*m—
