3406 5302
850 397 888 412 ..
908 363 968 428 230
989 395 1026 410 ..

356 488 461 570 dictis
488 490 679 583 contrario,
710 489 766 568 rel
794 488 934 568 diuersa
961 503 998 568 et
1025 488 1169 569 conlusa
1202 489 1401 588 dictitasse,
1442 493 1521 600 ple-

355 638 504 720 rumque
533 639 616 693 uero
644 614 768 694 iisdem
798 615 915 694 verbis
954 640 1037 693 usos
1074 635 1165 709 esse,
1200 615 1295 721 quod
1333 620 1520 722 praevium

356 738 451 816 inter
472 762 510 816 so
525 751 736 818 conventum
752 741 935 842 supponit3
958 782 983 798 -
1002 737 1040 816 in
1054 737 1218 844 pluribus
1234 763 1305 818 non
1318 765 1362 819 er
1378 743 1522 846 propria

357 863 523 958 seientia,
554 862 617 942 sed
654 888 698 942 er
726 863 842 942 alieno
878 862 1005 942 auditu
1042 862 1264 969 deposuisse,
1304 879 1341 946 et
1376 864 1520 971 quidem

360 987 521 1090 generice
540 1000 578 1066 et
595 989 774 1090 negative.
797 1033 821 1048 -
841 991 893 1066 Er
913 987 1045 1091 quihus
1064 987 1228 1066 omnihus
1247 1013 1311 1094 pro
1335 988 1522 1070 validitate

359 1111 573 1191 matrimonii
602 1111 769 1192 standum
796 1137 875 1194 esse
903 1111 1096 1192 concludit.
1120 1157 1144 1172 -
1164 1112 1228 1191 llis
1247 1113 1521 1193 difficultatibus

359 1249 621 1340 procuratorem
660 1238 788 1316 actoris
825 1236 1053 1316 iudicialibus
1089 1235 1363 1315 deductionibus
1407 1236 1522 1341 pridie

278 1417 280 1422 -
359 1362 430 1438 iam
457 1359 554 1465 apud
573 1365 658 1440 dcta
677 1361 846 1440 exhibitis
866 1361 998 1466 (hlleg.
1021 1359 1067 1464 D)
1107 1360 1301 1439 occurrisse
1320 1359 1521 1467 putandum

359 1497 428 1578 est,
460 1485 623 1588 quamvis
652 1483 719 1562 hae
747 1509 819 1562 una
847 1509 927 1562 curn
954 1497 1113 1564 actorum
1133 1481 1340 1587 fragmentis
1360 1483 1522 1562 huonon

359 1606 494 1688 luerint
521 1608 708 1710 allegatae.

439 1741 476 1812 5.
508 1735 634 1836 ltaque
663 1731 823 1810 vicarius
851 1731 1039 1833 generalis,
1074 1733 1136 1835 qui
1165 1731 1210 1810 ad
1248 1729 1520 1809 universitatem

360 1881 549 1935 causarum
577 1855 684 1935 iudex
711 1857 757 1934 ab
786 1855 958 1961 Episcopo
990 1854 1174 1956 delegatus
1211 1854 1418 1934 inscribitur
1445 1855 1524 1956 (tt-

360 1979 470 2082 legat.
503 1979 563 2084 ll),
612 1979 796 2084 perpensis
835 1978 1044 2084 libratisque
1082 1979 1165 2058 hinc
1202 1977 1284 2058 inde
1322 1978 1523 2057 rationibus

363 2116 438 2182 turn
467 2129 487 2180 a
516 2103 728 2182 matrimonii
758 2101 897 2180 vindice
926 2116 1000 2180 turn
1028 2101 1074 2181 ab
1093 2116 1212 2182 actore
1232 2102 1269 2181 iu
1288 2101 1419 2180 iudicio
1439 2126 1524 2206 pro·

361 2224 443 2306 latis
471 2225 545 2304 sire
573 2225 618 2304 ad
646 2225 876 2306 asserendum
896 2227 981 2304 'sire
1008 2225 1053 2303 ad
1082 2223 1342 2304 excludendum
1366 2247 1521 2302 consan-

363 2349 549 2454 guinitatis
569 2349 858 2455 impedimentum
878 2351 916 2428 in
936 2349 1105 2444 themate,
1127 2349 1268 2428 tandem
1288 2349 1346 2428 die
1366 2358 1413 2428 27
1436 2348 1520 2428 maii

362 2499 423 2554 au.
457 2483 554 2554 1873
589 2475 808 2554 delinitivom
836 2475 919 2555 tulit
946 2474 1175 2568 sententiam,
1207 2473 1406 2552 declarans:

443 2628 462 2672 ‹
485 2599 590 2678 Nullo
617 2583 754 2691 allatto,
777 2597 812 2676 di
833 2598 921 2676 niun
939 2597 1074 2692 elietto,
1096 2623 1116 2676 e
1143 2622 1240 2676 corne
1263 2623 1301 2676 se
1330 2623 1402 2676 non
1431 2596 1523 2701 losse

366 2723 480 2800 ‹mai
509 2735 701 2816 arveuuto,
738 2734 857 2800 stante
896 2721 1174 2827 l’impetlimento
1211 2721 1248 2800 di
1285 2737 1380 2801 terzo
1418 2719 1527 2824 grado

366 2845 445 2924 ‹di
473 2846 759 2948 consanguinita‚
792 2845 816 2923 il
845 2845 1067 2924 matrimonio
1103 2845 1280 2926 celebrato
1315 2847 1340 2924 il
1371 2855 1419 2925 15
1450 2844 1526 2924 leb-

368 2955 510 3047 ‹braio
537 2968 573 3046 di
602 2967 816 3072 quest’anno
844 2967 896 3046 ira
926 2968 1066 3048 l’attore
1094 2969 1189 3049 linio
1218 2973 1255 3048 S.
1277 2973 1421 3047 eBerta
1450 2972 1522 3045 B.»

259 3112 262 3117 ·
366 3093 497 3198 (hlleg.
520 3094 580 3196 E).

446 3225 484 3296 6.
514 3217 567 3296 Ab
595 3218 663 3297 hac
689 3219 881 3312 sententia,
904 3229 1025 3296 contra
1040 3215 1213 3321 praedicti
1233 3215 1448 3296 matrimonii
1468 3216 1526 3293 hr-

367 3341 525 3422 mitatem
554 3341 641 3433 lata,
663 3342 791 3445 iugalis
819 3340 951 3420 vinculi
980 3366 1023 3419 ex
1057 3339 1171 3419 ollicio
1208 3339 1387 3434 defensor,
1418 3339 1528 3420 resti-

366 3465 434 3570 giis
462 3465 652 3544 inhaerens
679 3467 741 3545 cit.
773 3469 893 3544 Const.
925 3466 990 3542 Dei
1008 3465 1234 3544 miseratione
1268 3465 1308 3565 ἓ.
1340 3471 1379 3558 8,
1402 3463 1526 3570 appel·

365 3589 533 3670 lationem
561 3589 604 3668 ad
634 3615 664 3667 s.
700 3589 927 3694 apostolicam
960 3588 1085 3666 Sedenr
1121 3589 1351 3693 interposuit,
1388 3587 1441 3666 uti
1483 3611 1527 3664 ex

365 3712 583 3791 authenticis
611 3713 847 3810 documentis,
860 3711 1196 3792 ectrciudieiulibus
1225 3727 1360 3806 tamen,
1382 3711 1530 3790 eviden-

365 3835 503 3916 tissime
533 3850 686 3916 constat.

449 3959 590 4040 Scilicet
630 3961 781 4039 eximius
817 3957 988 4038 dioecesis
1024 3963 1069 4039 ll.
1101 3961 1258 4038 Antiates
1296 3955 1393 4036 haud
1439 3957 1533 4037 inte-

367 4109 465 4187 gram
508 4083 708 4162 transmisit
749 4082 794 4162 ad
837 4086 882 4160 Η.
915 4088 952 4160 S.
984 4088 1022 4160 C.
1059 4095 1219 4162 actorum
1261 4081 1430 4186 copiam,
1468 4081 1532 4160 sed

371 4221 512 4287 tautum
541 4208 738 4287 necessario
769 4206 948 4284 iudicialia
977 4206 1188 4285 documenta
1217 4203 1262 4284 ad
1299 4203 1534 4308 impedimen-

370 4344 445 4410 tum
473 4333 648 4412 naturalis
675 4331 896 4434 cognationis
914 4329 1229 4436 comprobandum,
1253 4327 1535 4408 animaduersio·
