3446 5298
629 477 805 540 -lll-

215 615 278 684 11.
313 604 520 684 Periculum
548 605 770 682 matrimonii
799 604 922 691 minti,
944 605 999 685 vel
1019 629 1140 684 corum
1159 605 1307 684 acatho-

131 729 200 807 lico
226 729 392 808 ministro
419 728 631 810 celebrandi.
663 728 813 818 Quando
840 729 1038 834 periculum
1066 729 1183 826 adest,
1206 729 1300 836 quod

132 853 292 932 volentes
320 854 583 932 matrimonium
603 852 640 930 in
668 852 915 957 aliquoetiam
943 877 986 932 ex
1006 852 1201 932 maioribus
1223 879 1304 956 gra-

131 975 239 1054 dihus
266 976 492 1070 contrahere,
523 1002 566 1056 en
594 975 829 1078 denegatione
858 975 1137 1080 dispensationis
1165 974 1210 1053 ad
1236 976 1303 1056 mi·-

131 1103 286 1178 nistrum
300 1099 536 1180 acatholicum
552 1097 723 1178 accedant
734 1123 797 1203 pro
809 1098 944 1203 nuptiis
954 1097 1192 1194 celebrandis,
1203 1121 1304 1203 spru*

132 1348 218 1453 quia
246 1348 349 1427 adest
376 1373 448 1426 non
476 1347 579 1426 modo
608 1347 856 1450 gravissimum
889 1345 1046 1426 [idulium
1074 1347 1298 1444 scandalum,

129 1471 195 1550 sod
213 1475 320 1551 etiam
341 1472 445 1552 timor
464 1471 702 1578 perversionis
729 1484 766 1550 et
794 1469 1002 1552 delectionis
1030 1499 1051 1550 a
1081 1472 1150 1552 fide
1179 1473 1301 1553 taliter

132 1597 334 1699 agentium,
374 1610 410 1676 et
437 1595 653 1676 matrimonii
691 1593 944 1700 impedimenta
981 1601 1300 1694 contemnentium,

132 1722 283 1798 manime
312 1719 350 1797 in
378 1719 599 1822 regionibus,
630 1718 693 1796 ubi
714 1718 879 1796 haereses
908 1719 1054 1822 impune
1075 1735 1300 1822 grassantur.

131 1841 174 1920 Id
212 1841 334 1922 docuit
369 1841 458 1922 baec
492 1869 523 1919 s.
555 1840 786 1944 Congregatio
818 1839 855 1918 in
883 1843 1125 1920 Instructiona
1161 1841 1219 1920 die
1254 1852 1300 1921 17

130 1989 210 2068 apr.
235 1973 336 2045 1820
357 1964 401 2044 ad
421 1965 734 2069 hrchiepisoopum
754 1963 1018 2053 huebecensem
1034 1963 1132 2044 data.
1165 1966 1303 2046 Pariter

130 2114 211 2168 curn
231 2089 392 2168 vicarius
421 2090 637 2194 apostolicus
664 2091 814 2168 Bosniae
843 2089 1076 2194 postulasset,
1106 2103 1227 2170 utrum
1247 2090 1303 2168 dt-

131 2214 395 2316 spensationem
434 2213 575 2316 elargiri
608 2226 727 2318 posset
755 2213 798 2290 iis
827 2211 1031 2307 catholicis,
1062 2212 1125 2316 qui
1163 2213 1301 2292 nullum

132 2339 230 2418 aliud
259 2353 475 2445 praetexunt
510 2339 696 2432 motivum,
727 2361 834 2442 quam
863 2361 1034 2416 vesanum
1063 2363 1232 2434 amorem,
1264 2350 1300 2418 ct

131 2464 239 2542 simul
259 2463 503 2569 praevidetur,
526 2462 792 2569 dispensatione
813 2461 1003 2564 denegata,
1030 2487 1090 2541 eos
1110 2487 1225 2542 coram
1246 2464 1303 2542 iu-

130 2587 209 2668 dice
229 2587 364 2666 intueti
383 2587 588 2690 coniugium
609 2586 681 2664 lore
701 2587 867 2678 inituros,
890 2611 921 2662 s.
941 2588 1173 2688 Congregatio
1192 2612 1223 2664 s.
1239 2584 1301 2664 Ol-

130 2711 200 2790 licii
229 2714 266 2789 in
295 2711 359 2788 ier.
392 2715 452 2788 tv.
489 2717 534 2790 tt
565 2735 648 2812 aug.
683 2717 783 2787 1822
822 2707 997 2787 decrevit:
1032 2708 1300 2814 ‹responden-

131 2835 217 2914 dum
246 2838 402 2930 Oratori,
434 2832 528 2938 quod
558 2834 595 2912 in
624 2832 785 2936 exposito
813 2857 898 2910 casu
927 2846 1051 2912 utatur
1069 2831 1302 2914 facultatibus

130 2958 202 3038 sibi
235 2961 273 3036 in
301 2963 419 3037 Form.
456 2961 505 3036 ΙΙ.
542 2957 753 3052 commissis,
785 2969 889 3061 prout
909 2957 946 3034 in
965 2959 1113 3036 Domino
1132 2958 1301 3063 expedire

131 3082 344 3162 iudicaverit
356 3114 391 3162 ».
410 3081 644 3160 tantumdem
655 3080 844 3160 dicendum
860 3080 903 3160 de
919 3082 1092 3186 periculo,
1105 3083 1199 3186 quod
1215 3107 1299 3189 pars

130 3206 305 3285 catholica
334 3231 413 3286 cum
443 3203 639 3284 acatholico
668 3205 931 3282 matrimonium
951 3204 1131 3284 celebrare
1150 3206 1297 3286 audeat.

213 3337 276 3407 12.
309 3327 515 3408 Periculum
540 3328 728 3406 incestuosi
755 3326 1022 3406 concubinatus.
1054 3333 1106 3408 Ex
1134 3332 1300 3435 superius

131 3465 325 3532 memorata
353 3451 595 3544 Instructione
636 3475 696 3528 an.
733 3460 832 3532 1820
861 3451 994 3548 elucet,
1026 3453 1302 3558 dispensationis

131 3578 340 3670 remedium,
372 3603 417 3655 ne
444 3577 526 3680 quis
555 3575 591 3652 in
619 3573 860 3654 concubinatu
888 3575 1109 3656 insordescat
1133 3603 1212 3656 cum
1233 3603 1302 3682 pu-

131 3701 223 3784 blico
251 3701 420 3782 scandalo
447 3714 555 3804 atque
584 3697 741 3778 evidenti
769 3711 935 3776 aeternae
964 3699 1091 3778 salutis
1128 3699 1305 3780 discrimi-

131 3851 193 3920 ne,
216 3823 459 3904 adhibendum
479 3849 572 3902 esse.

214 3958 276 4027 13.
309 3947 515 4028 Periculum
543 3945 767 4026 matrimonii
799 3945 931 4024 civilis.
963 3949 1015 4023 En
1045 3946 1150 4026 dictis
1179 3971 1306 4028 conse·

128 4073 270 4180 quitur,
291 4071 476 4178 probabile
493 4070 691 4176 periculum
710 4069 806 4174 quod
827 4069 892 4164 illi,
915 4069 978 4174 qui
998 4067 1299 4174 dispensationem

129 4209 274 4303 petunt,
306 4218 347 4274 ea
376 4221 447 4273 non
475 4195 637 4290 obtenta,
669 4193 932 4272 matrimonium
964 4191 1151 4272 dumtaxat
1183 4191 1299 4284 ciuile,

132 4335 174 4400 ut
198 4323 315 4416 aiunt,
360 4318 572 4398 celebraturi
601 4319 689 4414 sint,
729 4341 806 4394 esse
844 4315 1038 4419 legitimam
1070 4315 1304 4422 dispensandi

132 4471 292 4524 causam.
