3444 5302
660 531 816 592 ...21-

611 711 783 832 cn'eue
815 747 867 831 tt.

300 935 349 1015 de
377 933 627 1037 impedimentis
655 935 902 1017 matrimonium
931 933 1165 1016 dirimentibus

538 1081 580 1141 ex
608 1061 745 1142 detentu
774 1069 929 1144 naturae.
1041 1087 1068 1173 j

582 1275 837 1354 ARTICULUS
867 1279 898 1354 1.

346 1439 391 1514 Ito
413 1437 636 1531 impedimento
660 1439 786 1514 aetatis
809 1457 868 1514 sen
889 1437 1129 1532 mpuooruotte.
1235 1427 1239 1434 ’

239 1636 275 1706 1.
307 1625 360 1708 td
380 1627 644 1706 matrimonium
672 1627 788 1706 valide
817 1652 858 1706 ac
886 1627 982 1706 licite
1015 1625 1317 1725 contrabendum,

152 1753 234 1829 iure
264 1761 414 1828 naturae
442 1763 583 1830 tantum
611 1751 786 1855 inspecto,
818 1749 915 1828 nulla
936 1749 1173 1830 determinata
1200 1751 1324 1856 requi·

149 1875 263 1970 ritur,
294 1873 357 1987 scd
380 1899 421 1952 ea
450 1887 504 1954 est
532 1873 713 1952 sufficiens
741 1887 854 1968 aetas,
877 1873 914 1952 in
932 1899 1005 1978 qua
1023 1873 1203 1978 perlectus
1221 1875 1323 1954 adest

153 1999 307 2080 rationis
326 2023 432 2092 usus;
455 2023 497 2080 ca
517 1997 693 2103 siquidem
713 1997 859 2092 sufficit,
881 2012 923 2076 nt
942 1999 1157 2078 contrahens
1176 2023 1214 2078 se
1234 1997 1326 2078 obli-

160 2148 245 2226 gare
274 2123 386 2228 possit
414 2120 459 2199 ad
488 2121 649 2226 copulam
678 2119 793 2200 media
821 2120 979 2226 potentia
1009 2133 1125 2200 tractu
1153 2123 1322 2226 temporis

154 2245 359 2326 habendam
389 2245 461 2350 (1).
493 2244 596 2324 Unde
624 2245 801 2350 sequitur,
831 2244 1055 2324 matrimonia
1079 2243 1318 2350 impuberum,

150 2372 219 2476 qui
247 2369 396 2450 rationis
424 2394 529 2448 usum
557 2369 727 2464 habeant,
751 2369 843 2448 inter
863 2367 1037 2466 infideles,
1060 2369 1122 2472 qui
1142 2369 1321 2450 Ecclesiae

151 2493 296 2597 legibus
323 2519 394 2574 non
423 2491 642 2588 subduntur,
675 2490 792 2570 valida
821 2490 1014 2586 csse,.nisi
1047 2490 1193 2596 speciali
1222 2491 1318 2598 apud

152 2641 215 2698 eos
243 2617 321 2721 lege
349 2615 608 2714 interdicantur
637 2628 673 2694 et
700 2615 886 2693 irritentur
915 2613 988 2720 (2).

235 2749 271 2818 2.
303 2737 357 2818 nd
385 2765 525 2820 sacrum
554 2752 673 2819 autem
702 2737 886 2842 coniugale
915 2736 1040 2836 foedus
1069 2739 1184 2818 valide
1210 2765 1255 2832 ac¹
1278 2739 1324 2818 li-

148 2867 223 2946 cite
253 2866 347 2944 inter
374 2863 498 2944 fideles
526 2861 722 2960 ineundum
750 2863 942 2968 corporalis
961 2864 1168 2968 requiritur·
1184 2889 1226 2940 ac
1244 2863 1320 2968 spi-

147 2987 295 3069 ritualis
314 2989 518 3082 maturitas,
542 3011 634 3091 qnae
654 2986 691 3065 in
710 2999 807 3066 certa
823 2985 936 3066 solum
952 2998 1069 3064 aetate
1089 2985 1317 3090 supponitur,

146 3137 260 3216 quam
276 3111 436 3190 Ecclesia
455 3109 669 3208 determinat
690 3110 763 3213 (3).
787 3155 810 3167 -
832 3115 937 3188 Aetas
956 3135 1061 3214 porro
1080 3110 1320 3207 ecclesiastico

149 3221 232 3330 iure
260 3261 324 3314 seu
351 3233 548 3316 secundum
576 3259 743 3329 canones,
775 3247 815 3312 ut
844 3247 880 3312 et
908 3233 1104 3314 secundum
1132 3233 1243 3337 leges,
1260 3245 1321 3331 est

150 3359 327 3466 pubertas
344 3345 533 3466 completa,
558 3359 722 3440 nimirum
744 3359 781 3438 in
799 3359 955 3438 masculo
979 3367 1040 3454 tt,
1063 3361 1100 3438 in
1120 3358 1249 3458 femina
1272 3369 1318 3456 12

151 3509 329 3562 annorum
348 3482 601 3588 completorum
617 3485 690 3588 (d).
707 3527 730 3540 -
745 3482 914 3562 Rutbena
932 3483 1095 3590 Synodus
1110 3508 1205 3560 anno
1218 3491 1318 3564 1720

151 3619 190 3686 ct
217 3605 383 3714 Synodus
411 3605 625 3686 Libanensis
653 3609 907 3685 Maronitarum
926 3630 1020 3685 anno
1043 3615 1142 3686 1736
1163 3605 1323 3686 celebra-

152 3745 213 3810 tae
247 3731 398 3811 candem
432 3746 598 3812 statuunt
631 3745 798 3812 aetatem.
823 3777 846 3792 -
870 3731 976 3810 Ratio
1009 3746 1127 3812 autern
1160 3733 1323 3813 diversae

224 3979 261 4052 (1)
281 3979 407 4036 senchez
427 3979 479 4038 tto.
500 3985 525 4037 t.
547 3981 622 4053 disp.
643 3987 704 4038 444.
724 3997 754 4038 n.
775 3987 802 4036 9.
824 3995 890 4038 curn
906 3980 1062 4038 communi.

224 4065 262 4139 (2)
283 4067 410 4124 Sancbea
427 4067 501 4125 idid.
522 4084 552 4125 n.
575 4074 619 4126 44.

225 4152 263 4226 (3)
282 4153 512 4228 Pupp-sutton:
532 4155 731 4216 Ereodiridiom
750 4155 829 4212 iuris
847 4155 987 4214 ductetur
1005 4154 1169 4212 orientatis
1197 4153 1327 4211 catholi-

149 4254 209 4308 cae,
231 4248 531 4312 pentameter.
553 4251 579 4302 2.
599 4245 628 4315 S.
650 4250 692 4302 97.
711 4259 783 4317 444.
804 4248 866 4302 dat.
888 4242 955 4300 edit.
977 4244 1012 4300 n.
1032 4242 1167 4312 noradini
1191 4242 1269 4298 1862.

224 4327 263 4402 (1)
282 4333 350 4402 Cap.
369 4330 500 4390 udinem
514 4339 558 4390 aad
577 4337 602 4400 2,
630 4349 693 4406 cap.
717 4333 840 4406 pudureo
857 4337 884 4400 3,
907 4346 968 4403 cap.
989 4332 1192 4388 continebatur
1210 4337 1236 4396 4,
1258 4345 1321 4402 cap.

150 4418 351 4478 atteatutr'onee
370 4425 421 4487 td,
441 4421 475 4478 dr
492 4421 710 4494 duponeutu'one
733 4421 940 4494 impuberum:
961 4453 996 4464 -
1014 4425 1081 4494 Lep.
1110 4419 1265 4480 minorum
1293 4425 1327 4472 4.

152 4507 184 4564 d.
204 4507 239 4564 de
255 4507 323 4566 ritu
340 4511 518 4582 nuptiarum
538 4509 605 4578 (lib.
626 4517 671 4568 22.
687 4511 732 4568 tit.
755 4515 792 4582 2).
