<?xml version="1.0" encoding="UTF-8"?>
<!DOCTYPE html PUBLIC "-//W3C//DTD XHTML 1.0 Transitional//EN"
    "http://www.w3.org/TR/xhtml1/DTD/xhtml1-transitional.dtd">
<html xmlns="http://www.w3.org/1999/xhtml" xml:lang="en" lang="en">
 <head>
  <title>
</title>
<meta http-equiv="Content-Type" content="text/html;charset=utf-8" />
  <meta name='ocr-system' content='tesseract 3.04.00' />
  <meta name='ocr-capabilities' content='ocr_page ocr_carea ocr_par ocr_line ocrx_word'/>
</head>
<body>
  <div class='ocr_page' id='page_1' title='image "./deimpedimentism00mansgoog_0049.png"; bbox 0 0 3444 5302; ppageno 0'>
   <div class='ocr_carea' id='block_1_1' title="bbox 333 368 1523 2587">
    <p class='ocr_par' dir='ltr' id='par_1_1' title="bbox 333 368 1523 2587">
     <span class='ocr_line' id='line_1_1' title="bbox 860 368 1014 432; baseline -0.026 -16"><span class='ocrx_word' id='word_1_1' title='bbox 860 401 897 416; x_wconf 91' lang='lat'><strong>...</strong></span> <span class='ocrx_word' id='word_1_2' title='bbox 918 368 957 432; x_wconf 77' lang='lat'><strong>30</strong></span> <span class='ocrx_word' id='word_1_3' title='bbox 982 403 1014 412; x_wconf 83' lang='grc'><strong>.-</strong></span> 
     </span>
     <span class='ocr_line' id='line_1_2' title="bbox 354 493 1521 599; baseline 0.002 -26"><span class='ocrx_word' id='word_1_4' title='bbox 354 507 392 574; x_wconf 90' lang='lat' dir='ltr'><strong>et</strong></span> <span class='ocrx_word' id='word_1_5' title='bbox 420 493 557 572; x_wconf 88' lang='lat' dir='ltr'><strong>ratione</strong></span> <span class='ocrx_word' id='word_1_6' title='bbox 586 493 811 572; x_wconf 78' lang='lat' dir='ltr'><strong>necessitatis</strong></span> <span class='ocrx_word' id='word_1_7' title='bbox 832 493 1056 589; x_wconf 82' lang='lat' dir='ltr'><strong>honestatur,</strong></span> <span class='ocrx_word' id='word_1_8' title='bbox 1078 493 1241 598; x_wconf 89' lang='lat' dir='ltr'><strong>quamvis</strong></span> <span class='ocrx_word' id='word_1_9' title='bbox 1264 493 1371 574; x_wconf 89' lang='lat' dir='ltr'><strong>etiam</strong></span> <span class='ocrx_word' id='word_1_10' title='bbox 1391 493 1521 599; x_wconf 89' lang='lat' dir='ltr'><strong>decep·</strong></span> 
     </span>
     <span class='ocr_line' id='line_1_3' title="bbox 357 615 1522 724; baseline -0.001 -25"><span class='ocrx_word' id='word_1_11' title='bbox 357 619 447 706; x_wconf 86' lang='lat' dir='ltr'><strong>tioni</strong></span> <span class='ocrx_word' id='word_1_12' title='bbox 465 615 704 722; x_wconf 83' lang='lat' dir='ltr'><strong>obnoxia(t).</strong></span> <span class='ocrx_word' id='word_1_13' title='bbox 718 661 743 674; x_wconf 83' lang='lat'>-</span> <span class='ocrx_word' id='word_1_14' title='bbox 759 617 795 694; x_wconf 89' lang='lat' dir='ltr'><strong>Si</strong></span> <span class='ocrx_word' id='word_1_15' title='bbox 814 630 935 696; x_wconf 88' lang='lat' dir='ltr'><strong>autem</strong></span> <span class='ocrx_word' id='word_1_16' title='bbox 953 629 1105 722; x_wconf 85' lang='lat' dir='ltr'><strong>uterque</strong></span> <span class='ocrx_word' id='word_1_17' title='bbox 1123 619 1252 698; x_wconf 82' lang='lat' dir='ltr'><strong>coniux</strong></span> <span class='ocrx_word' id='word_1_18' title='bbox 1271 617 1392 724; x_wconf 88' lang='lat' dir='ltr'><strong>elapso</strong></span> <span class='ocrx_word' id='word_1_19' title='bbox 1411 617 1522 698; x_wconf 90' lang='lat' dir='ltr'><strong>trien-</strong></span> 
     </span>
     <span class='ocr_line' id='line_1_4' title="bbox 357 741 1523 848; baseline -0.002 -24"><span class='ocrx_word' id='word_1_20' title='bbox 357 745 418 824; x_wconf 92' lang='lat' dir='ltr'><strong>nio</strong></span> <span class='ocrx_word' id='word_1_21' title='bbox 448 741 604 822; x_wconf 76' lang='lat' dir='ltr'><strong>fateatur</strong></span> <span class='ocrx_word' id='word_1_22' title='bbox 632 742 889 846; x_wconf 84' lang='lat' dir='ltr'><strong>impotentiam,</strong></span> <span class='ocrx_word' id='word_1_23' title='bbox 921 742 1116 847; x_wconf 86' lang='lat' dir='ltr'><strong>requiritur</strong></span> <span class='ocrx_word' id='word_1_24' title='bbox 1136 743 1324 848; x_wconf 89' lang='lat' dir='ltr'><strong>utriusque</strong></span> <span class='ocrx_word' id='word_1_25' title='bbox 1343 745 1523 824; x_wconf 88' lang='lat' dir='ltr'><strong>iuramen-</strong></span> 
     </span>
     <span class='ocr_line' id='line_1_5' title="bbox 356 864 1517 976; baseline -0.005 -28"><span class='ocrx_word' id='word_1_26' title='bbox 356 881 446 962; x_wconf 86' lang='lat' dir='ltr'><strong>tum,</strong></span> <span class='ocrx_word' id='word_1_27' title='bbox 459 879 501 944; x_wconf 92' lang='lat' dir='ltr'><strong>ut</strong></span> <span class='ocrx_word' id='word_1_28' title='bbox 511 864 845 971; x_wconf 84' lang='lat' dir='ltr'><strong>iudeuproclamare</strong></span> <span class='ocrx_word' id='word_1_29' title='bbox 862 865 978 945; x_wconf 86' lang='lat' dir='ltr'><strong>valeat</strong></span> <span class='ocrx_word' id='word_1_30' title='bbox 988 865 1068 944; x_wconf 91' lang='lat' dir='ltr'><strong>initi</strong></span> <span class='ocrx_word' id='word_1_31' title='bbox 1079 866 1294 976; x_wconf 90' lang='lat' dir='ltr'><strong>matrimonii</strong></span> <span class='ocrx_word' id='word_1_32' title='bbox 1304 867 1517 964; x_wconf 88' lang='lat' dir='ltr'><strong>nullitatem.</strong></span> 
     </span>
     <span class='ocr_line' id='line_1_6' title="bbox 356 989 1522 1096; baseline -0.002 -26"><span class='ocrx_word' id='word_1_33' title='bbox 356 995 480 1070; x_wconf 85' lang='lat' dir='ltr'><strong>iurare</strong></span> <span class='ocrx_word' id='word_1_34' title='bbox 513 1003 631 1069; x_wconf 88' lang='lat' dir='ltr'><strong>autem</strong></span> <span class='ocrx_word' id='word_1_35' title='bbox 665 989 773 1070; x_wconf 90' lang='lat' dir='ltr'><strong>debet</strong></span> <span class='ocrx_word' id='word_1_36' title='bbox 800 990 866 1085; x_wconf 90' lang='lat' dir='ltr'><strong>vir,</strong></span> <span class='ocrx_word' id='word_1_37' title='bbox 903 1016 941 1069; x_wconf 93' lang='lat' dir='ltr'><strong>se</strong></span> <span class='ocrx_word' id='word_1_38' title='bbox 975 990 1066 1070; x_wconf 88' lang='lat' dir='ltr'><strong>bona</strong></span> <span class='ocrx_word' id='word_1_39' title='bbox 1098 989 1168 1069; x_wconf 87' lang='lat' dir='ltr'><strong>lide</strong></span> <span class='ocrx_word' id='word_1_40' title='bbox 1200 1003 1237 1070; x_wconf 91' lang='lat' dir='ltr'><strong>et</strong></span> <span class='ocrx_word' id='word_1_41' title='bbox 1270 990 1404 1096; x_wconf 86' lang='lat' dir='ltr'><strong>absque</strong></span> <span class='ocrx_word' id='word_1_42' title='bbox 1441 989 1522 1068; x_wconf 90' lang='lat' dir='ltr'><strong>dolo</strong></span> 
     </span>
     <span class='ocr_line' id='line_1_7' title="bbox 354 1113 1521 1220; baseline 0.002 -28"><span class='ocrx_word' id='word_1_43' title='bbox 354 1114 521 1219; x_wconf 89' lang='lat' dir='ltr'><strong>copulam</strong></span> <span class='ocrx_word' id='word_1_44' title='bbox 553 1116 764 1210; x_wconf 84' lang='lat' dir='ltr'><strong>intentasse,</strong></span> <span class='ocrx_word' id='word_1_45' title='bbox 799 1139 863 1194; x_wconf 89' lang='lat' dir='ltr'><strong>nec</strong></span> <span class='ocrx_word' id='word_1_46' title='bbox 896 1140 1140 1194; x_wconf 91' lang='lat' dir='ltr'><strong>consummare</strong></span> <span class='ocrx_word' id='word_1_47' title='bbox 1176 1117 1354 1220; x_wconf 90' lang='lat' dir='ltr'><strong>potuisse;</strong></span> <span class='ocrx_word' id='word_1_48' title='bbox 1395 1113 1521 1194; x_wconf 88' lang='lat' dir='ltr'><strong>mulier</strong></span> 
     </span>
     <span class='ocr_line' id='line_1_8' title="bbox 358 1237 1522 1345; baseline 0.004 -29"><span class='ocrx_word' id='word_1_49' title='bbox 358 1263 442 1318; x_wconf 92' lang='lat' dir='ltr'><strong>vero</strong></span> <span class='ocrx_word' id='word_1_50' title='bbox 470 1239 588 1318; x_wconf 90' lang='lat' dir='ltr'><strong>iurare</strong></span> <span class='ocrx_word' id='word_1_51' title='bbox 616 1237 737 1333; x_wconf 89' lang='lat' dir='ltr'><strong>debet,</strong></span> <span class='ocrx_word' id='word_1_52' title='bbox 768 1264 831 1344; x_wconf 90' lang='lat' dir='ltr'><strong>per</strong></span> <span class='ocrx_word' id='word_1_53' title='bbox 859 1265 896 1320; x_wconf 93' lang='lat' dir='ltr'><strong>se</strong></span> <span class='ocrx_word' id='word_1_54' title='bbox 925 1265 995 1320; x_wconf 89' lang='lat' dir='ltr'><strong>nou</strong></span> <span class='ocrx_word' id='word_1_55' title='bbox 1024 1243 1165 1323; x_wconf 89' lang='lat' dir='ltr'><strong>stetisse</strong></span> <span class='ocrx_word' id='word_1_56' title='bbox 1180 1243 1269 1345; x_wconf 92' lang='lat' dir='ltr'><strong>quin</strong></span> <span class='ocrx_word' id='word_1_57' title='bbox 1283 1241 1410 1345; x_wconf 90' lang='lat' dir='ltr'><strong>copula</strong></span> <span class='ocrx_word' id='word_1_58' title='bbox 1438 1265 1522 1320; x_wconf 91' lang='lat' dir='ltr'><strong>con-</strong></span> 
     </span>
     <span class='ocr_line' id='line_1_9' title="bbox 354 1361 1518 1470; baseline 0 -28"><span class='ocrx_word' id='word_1_59' title='bbox 354 1375 608 1442; x_wconf 85' lang='lat' dir='ltr'><strong>summaretur.</strong></span> <span class='ocrx_word' id='word_1_60' title='bbox 632 1407 656 1422; x_wconf 94' lang='lat'>-</span> <span class='ocrx_word' id='word_1_61' title='bbox 679 1367 832 1467; x_wconf 87' lang='lat' dir='ltr'><strong>Insuper</strong></span> <span class='ocrx_word' id='word_1_62' title='bbox 850 1361 1054 1442; x_wconf 90' lang='lat' dir='ltr'><strong>adhibenda</strong></span> <span class='ocrx_word' id='word_1_63' title='bbox 1069 1377 1123 1446; x_wconf 90' lang='lat' dir='ltr'><strong>est</strong></span> <span class='ocrx_word' id='word_1_64' title='bbox 1138 1363 1289 1469; x_wconf 82' lang='lat' dir='ltr'><strong>septimo</strong></span> <span class='ocrx_word' id='word_1_65' title='bbox 1303 1389 1429 1444; x_wconf 77' lang='lat' dir='ltr'><strong>mcccc</strong></span> <span class='ocrx_word' id='word_1_66' title='bbox 1445 1361 1518 1470; x_wconf 77' lang='lat'><strong>(2),</strong></span> 
     </span>
     <span class='ocr_line' id='line_1_10' title="bbox 360 1485 1522 1596; baseline 0.003 -32"><span class='ocrx_word' id='word_1_67' title='bbox 360 1485 452 1566; x_wconf 90' lang='lat' dir='ltr'><strong>idest</strong></span> <span class='ocrx_word' id='word_1_68' title='bbox 472 1485 639 1566; x_wconf 83' lang='lat' dir='ltr'><strong>accedere</strong></span> <span class='ocrx_word' id='word_1_69' title='bbox 659 1485 791 1566; x_wconf 86' lang='lat' dir='ltr'><strong>debent</strong></span> <span class='ocrx_word' id='word_1_70' title='bbox 813 1489 965 1567; x_wconf 91' lang='lat' dir='ltr'><strong>iuraturi</strong></span> <span class='ocrx_word' id='word_1_71' title='bbox 984 1503 1120 1594; x_wconf 88' lang='lat' dir='ltr'><strong>septem</strong></span> <span class='ocrx_word' id='word_1_72' title='bbox 1143 1489 1334 1596; x_wconf 92' lang='lat' dir='ltr'><strong>propinqui</strong></span> <span class='ocrx_word' id='word_1_73' title='bbox 1356 1513 1400 1567; x_wconf 81' lang='lat' dir='ltr'><strong>ea</strong></span> <span class='ocrx_word' id='word_1_74' title='bbox 1423 1501 1522 1594; x_wconf 88' lang='lat' dir='ltr'><strong>parte</strong></span> 
     </span>
     <span class='ocr_line' id='line_1_11' title="bbox 359 1609 1523 1718; baseline 0 -30"><span class='ocrx_word' id='word_1_75' title='bbox 359 1611 548 1714; x_wconf 90' lang='lat' dir='ltr'><strong>utriusque</strong></span> <span class='ocrx_word' id='word_1_76' title='bbox 585 1609 759 1714; x_wconf 82' lang='lat' dir='ltr'><strong>coniugia,</strong></span> <span class='ocrx_word' id='word_1_77' title='bbox 792 1609 847 1690; x_wconf 88' lang='lat' dir='ltr'><strong>vel</strong></span> <span class='ocrx_word' id='word_1_78' title='bbox 876 1610 932 1689; x_wconf 93' lang='lat' dir='ltr'><strong>bis</strong></span> <span class='ocrx_word' id='word_1_79' title='bbox 968 1610 1217 1692; x_wconf 87' lang='lat' dir='ltr'><strong>deficientibus</strong></span> <span class='ocrx_word' id='word_1_80' title='bbox 1249 1625 1385 1718; x_wconf 91' lang='lat' dir='ltr'><strong>septem</strong></span> <span class='ocrx_word' id='word_1_81' title='bbox 1416 1609 1523 1696; x_wconf 86' lang='lat' dir='ltr'><strong>vicini</strong></span> 
     </span>
     <span class='ocr_line' id='line_1_12' title="bbox 360 1733 1523 1842; baseline 0.003 -30"><span class='ocrx_word' id='word_1_82' title='bbox 360 1733 476 1814; x_wconf 87' lang='lat' dir='ltr'><strong>bonae</strong></span> <span class='ocrx_word' id='word_1_83' title='bbox 502 1735 616 1814; x_wconf 88' lang='lat' dir='ltr'><strong>lamae</strong></span> <span class='ocrx_word' id='word_1_84' title='bbox 645 1734 718 1841; x_wconf 81' lang='lat'><strong>(3),</strong></span> <span class='ocrx_word' id='word_1_85' title='bbox 751 1749 788 1815; x_wconf 91' lang='lat' dir='ltr'><strong>et</strong></span> <span class='ocrx_word' id='word_1_86' title='bbox 816 1736 872 1815; x_wconf 92' lang='lat' dir='ltr'><strong>bis</strong></span> <span class='ocrx_word' id='word_1_87' title='bbox 899 1762 1040 1842; x_wconf 88' lang='lat' dir='ltr'><strong>quoque</strong></span> <span class='ocrx_word' id='word_1_88' title='bbox 1068 1736 1315 1834; x_wconf 81' lang='lat' dir='ltr'><strong>deficientibus</strong></span> <span class='ocrx_word' id='word_1_89' title='bbox 1334 1737 1395 1816; x_wconf 89' lang='lat' dir='ltr'><strong>alii</strong></span> <span class='ocrx_word' id='word_1_90' title='bbox 1414 1748 1523 1816; x_wconf 91' lang='lat' dir='ltr'><strong>testes</strong></span> 
     </span>
     <span class='ocr_line' id='line_1_13' title="bbox 362 1859 1519 1964; baseline 0.003 -29"><span class='ocrx_word' id='word_1_91' title='bbox 362 1859 458 1936; x_wconf 93' lang='lat' dir='ltr'><strong>omni</strong></span> <span class='ocrx_word' id='word_1_92' title='bbox 495 1860 701 1964; x_wconf 77' lang='lat' dir='ltr'><strong>exceptione</strong></span> <span class='ocrx_word' id='word_1_93' title='bbox 738 1859 903 1956; x_wconf 76' lang='lat' dir='ltr'><strong>maioreS,</strong></span> <span class='ocrx_word' id='word_1_94' title='bbox 936 1859 993 1938; x_wconf 89' lang='lat' dir='ltr'><strong>vel</strong></span> <span class='ocrx_word' id='word_1_95' title='bbox 1019 1861 1050 1939; x_wconf 90' lang='lat' dir='ltr'><strong>si</strong></span> <span class='ocrx_word' id='word_1_96' title='bbox 1083 1873 1136 1940; x_wconf 93' lang='lat' dir='ltr'><strong>tot</strong></span> <span class='ocrx_word' id='word_1_97' title='bbox 1164 1859 1288 1941; x_wconf 87' lang='lat' dir='ltr'><strong>baberi</strong></span> <span class='ocrx_word' id='word_1_98' title='bbox 1325 1873 1519 1964; x_wconf 85' lang='lat' dir='ltr'><strong>nequeant,</strong></span> 
     </span>
     <span class='ocr_line' id='line_1_14' title="bbox 355 1981 1519 2088; baseline 0.001 -29"><span class='ocrx_word' id='word_1_99' title='bbox 355 1981 542 2061; x_wconf 87' lang='lat' dir='ltr'><strong>sufficiunt</strong></span> <span class='ocrx_word' id='word_1_100' title='bbox 557 1983 741 2087; x_wconf 89' lang='lat' dir='ltr'><strong>pauciores</strong></span> <span class='ocrx_word' id='word_1_101' title='bbox 761 1981 913 2064; x_wconf 85' lang='lat' dir='ltr'><strong>arbitrio.</strong></span> <span class='ocrx_word' id='word_1_102' title='bbox 924 1981 1051 2062; x_wconf 88' lang='lat' dir='ltr'><strong>iudicis</strong></span> <span class='ocrx_word' id='word_1_103' title='bbox 1067 1983 1141 2088; x_wconf 81' lang='lat' dir='ltr'><strong>(l).</strong></span> <span class='ocrx_word' id='word_1_104' title='bbox 1165 2029 1188 2043; x_wconf 93' lang='lat'>-</span> <span class='ocrx_word' id='word_1_105' title='bbox 1204 1982 1341 2073; x_wconf 82' lang='lat' dir='ltr'><strong>Quibus</strong></span> <span class='ocrx_word' id='word_1_106' title='bbox 1354 1983 1519 2088; x_wconf 84' lang='lat' dir='ltr'><strong>expletis,</strong></span> 
     </span>
     <span class='ocr_line' id='line_1_15' title="bbox 359 2105 1522 2214; baseline 0.005 -32"><span class='ocrx_word' id='word_1_107' title='bbox 359 2105 537 2184; x_wconf 85' lang='lat' dir='ltr'><strong>Ecclesiae</strong></span> <span class='ocrx_word' id='word_1_108' title='bbox 552 2107 764 2186; x_wconf 89' lang='lat' dir='ltr'><strong>auctoritate</strong></span> <span class='ocrx_word' id='word_1_109' title='bbox 775 2107 1039 2186; x_wconf 91' lang='lat' dir='ltr'><strong>matrimonium</strong></span> <span class='ocrx_word' id='word_1_110' title='bbox 1053 2106 1275 2203; x_wconf 87' lang='lat' dir='ltr'><strong>dissolvitur,</strong></span> <span class='ocrx_word' id='word_1_111' title='bbox 1288 2120 1324 2186; x_wconf 93' lang='lat' dir='ltr'><strong>et</strong></span> <span class='ocrx_word' id='word_1_112' title='bbox 1334 2133 1416 2212; x_wconf 90' lang='lat' dir='ltr'><strong>pars</strong></span> <span class='ocrx_word' id='word_1_113' title='bbox 1430 2131 1522 2214; x_wconf 86' lang='lat' dir='ltr'><strong>quae</strong></span> 
     </span>
     <span class='ocr_line' id='line_1_16' title="bbox 333 2229 1518 2337; baseline 0.002 -29"><span class='ocrx_word' id='word_1_114' title='bbox 333 2323 336 2329; x_wconf 25' lang='lat'><strong><em>¹</em></strong></span> <span class='ocrx_word' id='word_1_115' title='bbox 356 2229 510 2309; x_wconf 89' lang='lat' dir='ltr'><strong>coeundi</strong></span> <span class='ocrx_word' id='word_1_116' title='bbox 525 2229 685 2336; x_wconf 90' lang='lat' dir='ltr'><strong>potentia</strong></span> <span class='ocrx_word' id='word_1_117' title='bbox 700 2231 823 2335; x_wconf 90' lang='lat' dir='ltr'><strong>pollet,</strong></span> <span class='ocrx_word' id='word_1_118' title='bbox 841 2230 897 2308; x_wconf 88' lang='lat' dir='ltr'><strong>vel</strong></span> <span class='ocrx_word' id='word_1_119' title='bbox 916 2231 946 2310; x_wconf 93' lang='lat' dir='ltr'><strong>si</strong></span> <span class='ocrx_word' id='word_1_120' title='bbox 962 2231 1171 2337; x_wconf 88' lang='lat' dir='ltr'><strong>impotentia</strong></span> <span class='ocrx_word' id='word_1_121' title='bbox 1186 2230 1293 2312; x_wconf 89' lang='lat' dir='ltr'><strong>luerit</strong></span> <span class='ocrx_word' id='word_1_122' title='bbox 1308 2230 1518 2337; x_wconf 80' lang='lat' dir='ltr'><strong>respectiva,</strong></span> 
     </span>
     <span class='ocr_line' id='line_1_17' title="bbox 358 2355 1517 2463; baseline -0.003 -26"><span class='ocrx_word' id='word_1_123' title='bbox 358 2371 511 2462; x_wconf 89' lang='lat' dir='ltr'><strong>utraque</strong></span> <span class='ocrx_word' id='word_1_124' title='bbox 522 2383 605 2463; x_wconf 89' lang='lat' dir='ltr'><strong>pars</strong></span> <span class='ocrx_word' id='word_1_125' title='bbox 614 2357 876 2438; x_wconf 87' lang='lat' dir='ltr'><strong>matrimonium</strong></span> <span class='ocrx_word' id='word_1_126' title='bbox 891 2382 970 2436; x_wconf 92' lang='lat' dir='ltr'><strong>cum</strong></span> <span class='ocrx_word' id='word_1_127' title='bbox 984 2356 1097 2436; x_wconf 85' lang='lat' dir='ltr'><strong>altera</strong></span> <span class='ocrx_word' id='word_1_128' title='bbox 1107 2382 1258 2463; x_wconf 90' lang='lat' dir='ltr'><strong>persona</strong></span> <span class='ocrx_word' id='word_1_129' title='bbox 1269 2357 1399 2462; x_wconf 88' lang='lat' dir='ltr'><strong>poterit</strong></span> <span class='ocrx_word' id='word_1_130' title='bbox 1414 2355 1517 2450; x_wconf 91' lang='lat' dir='ltr'><strong>inire,</strong></span> 
     </span>
     <span class='ocr_line' id='line_1_18' title="bbox 356 2478 1521 2587; baseline -0.005 -25"><span class='ocrx_word' id='word_1_131' title='bbox 356 2481 428 2562; x_wconf 59' lang='lat' dir='ltr'><strong>‘nisi</strong></span> <span class='ocrx_word' id='word_1_132' title='bbox 464 2495 582 2561; x_wconf 85' lang='lat' dir='ltr'><strong>tamen</strong></span> <span class='ocrx_word' id='word_1_133' title='bbox 610 2479 655 2559; x_wconf 90' lang='lat' dir='ltr'><strong>ab</strong></span> <span class='ocrx_word' id='word_1_134' title='bbox 682 2481 751 2560; x_wconf 86' lang='lat' dir='ltr'><strong>bac</strong></span> <span class='ocrx_word' id='word_1_135' title='bbox 787 2482 964 2560; x_wconf 90' lang='lat' dir='ltr'><strong>sententia</strong></span> <span class='ocrx_word' id='word_1_136' title='bbox 996 2479 1104 2559; x_wconf 89' lang='lat' dir='ltr'><strong>luerit</strong></span> <span class='ocrx_word' id='word_1_137' title='bbox 1135 2481 1351 2587; x_wconf 89' lang='lat' dir='ltr'><strong>appellatum</strong></span> <span class='ocrx_word' id='word_1_138' title='bbox 1384 2479 1439 2558; x_wconf 90' lang='lat' dir='ltr'><strong>vel</strong></span> <span class='ocrx_word' id='word_1_139' title='bbox 1476 2478 1521 2556; x_wconf 88' lang='lat' dir='ltr'><strong>ab</strong></span> 
     </span>
    </p>
   </div>
   <div class='ocr_carea' id='block_1_2' title="bbox 358 2601 1517 2710">
    <p class='ocr_par' dir='ltr' id='par_1_2' title="bbox 358 2601 1517 2710">
     <span class='ocr_line' id='line_1_19' title="bbox 358 2601 1517 2710; baseline -0.001 -28"><span class='ocrx_word' id='word_1_140' title='bbox 358 2604 436 2708; x_wconf 90' lang='lat' dir='ltr'><strong>ipse</strong></span> <span class='ocrx_word' id='word_1_141' title='bbox 456 2602 660 2706; x_wconf 59' lang='lat' dir='ltr'><strong>,coniugalis</strong></span> <span class='ocrx_word' id='word_1_142' title='bbox 679 2603 810 2682; x_wconf 89' lang='lat' dir='ltr'><strong>vinculi</strong></span> <span class='ocrx_word' id='word_1_143' title='bbox 830 2601 1013 2682; x_wconf 86' lang='lat' dir='ltr'><strong>defensore</strong></span> <span class='ocrx_word' id='word_1_144' title='bbox 1033 2603 1107 2708; x_wconf 85' lang='lat'><strong>(5),</strong></span> <span class='ocrx_word' id='word_1_145' title='bbox 1130 2627 1245 2710; x_wconf 91' lang='lat' dir='ltr'><strong>neque</strong></span> <span class='ocrx_word' id='word_1_146' title='bbox 1265 2603 1363 2684; x_wconf 90' lang='lat' dir='ltr'><strong>aliud</strong></span> <span class='ocrx_word' id='word_1_147' title='bbox 1382 2601 1517 2682; x_wconf 89' lang='lat' dir='ltr'><strong>obstet.</strong></span> 
     </span>
    </p>
   </div>
   <div class='ocr_carea' id='block_1_3' title="bbox 428 2779 1520 2855">
    <p class='ocr_par' dir='ltr' id='par_1_3' title="bbox 428 2779 1520 2855">
     <span class='ocr_line' id='line_1_20' title="bbox 428 2779 1520 2855; baseline 0.003 -19"><span class='ocrx_word' id='word_1_148' title='bbox 428 2779 467 2855; x_wconf 83' lang='grc'><strong>(1)</strong></span> <span class='ocrx_word' id='word_1_149' title='bbox 484 2779 711 2839; x_wconf 85' lang='lat' dir='ltr'><strong>Cirzaecbiam:</strong></span> <span class='ocrx_word' id='word_1_150' title='bbox 734 2781 785 2853; x_wconf 89' lang='lat' dir='ltr'><strong>Op.</strong></span> <span class='ocrx_word' id='word_1_151' title='bbox 811 2782 860 2839; x_wconf 84' lang='lat' dir='ltr'><strong>cit.</strong></span> <span class='ocrx_word' id='word_1_152' title='bbox 883 2781 934 2838; x_wconf 77' lang='lat' dir='ltr'><strong>teo.</strong></span> <span class='ocrx_word' id='word_1_153' title='bbox 952 2789 977 2837; x_wconf 83' lang='lat' dir='ltr'><strong>t.</strong></span> <span class='ocrx_word' id='word_1_154' title='bbox 998 2788 1108 2853; x_wconf 77' lang='lat' dir='ltr'><strong>quaeat.</strong></span> <span class='ocrx_word' id='word_1_155' title='bbox 1125 2785 1208 2849; x_wconf 74' lang='grc'><strong><em>4-2-3,</em></strong></span> <span class='ocrx_word' id='word_1_156' title='bbox 1232 2782 1338 2840; x_wconf 85' lang='lat' dir='ltr'><strong>ubido</strong></span> <span class='ocrx_word' id='word_1_157' title='bbox 1358 2783 1455 2840; x_wconf 92' lang='lat' dir='ltr'><strong>minus</strong></span> <span class='ocrx_word' id='word_1_158' title='bbox 1470 2783 1520 2839; x_wconf 85' lang='lat' dir='ltr'><strong>ial-</strong></span> 
     </span>
    </p>
   </div>
   <div class='ocr_carea' id='block_1_4' title="bbox 355 2869 1644 2942">
    <p class='ocr_par' dir='ltr' id='par_1_4' title="bbox 355 2861 1717 2976">
     <span class='ocr_line' id='line_1_21' title="bbox 355 2869 1644 2942; baseline 0.001 -16"><span class='ocrx_word' id='word_1_159' title='bbox 355 2869 467 2928; x_wconf 81' lang='lat' dir='ltr'><strong>lacibus</strong></span> <span class='ocrx_word' id='word_1_160' title='bbox 486 2870 562 2926; x_wconf 89' lang='lat' dir='ltr'><strong>notis</strong></span> <span class='ocrx_word' id='word_1_161' title='bbox 581 2869 765 2941; x_wconf 88' lang='lat' dir='ltr'><strong>virginitatis,</strong></span> <span class='ocrx_word' id='word_1_162' title='bbox 787 2875 817 2926; x_wconf 93' lang='lat' dir='ltr'><strong>ut</strong></span> <span class='ocrx_word' id='word_1_163' title='bbox 836 2869 870 2926; x_wconf 86' lang='lat' dir='ltr'><strong>de</strong></span> <span class='ocrx_word' id='word_1_164' title='bbox 889 2871 1021 2942; x_wconf 72' lang='lat' dir='ltr'><strong>hymene</strong></span> <span class='ocrx_word' id='word_1_165' title='bbox 1042 2869 1217 2938; x_wconf 85' lang='lat' dir='ltr'><strong>caruncuiis,</strong></span> <span class='ocrx_word' id='word_1_166' title='bbox 1237 2871 1373 2942; x_wconf 79' lang='lat' dir='ltr'><strong>nymphis</strong></span> <span class='ocrx_word' id='word_1_167' title='bbox 1402 2879 1468 2937; x_wconf 86' lang='lat' dir='ltr'><strong>etc..</strong></span> <span class='ocrx_word' id='word_1_168' title='bbox 1490 2885 1521 2928; x_wconf 85' lang='lat' dir='ltr'><strong>ac</strong></span> <span class='ocrx_word' id='word_1_169' title='bbox 1643 2915 1644 2918; x_wconf 63' lang='lat'><strong>,</strong></span> 
     </span>
    </p>
   </div>
   <div class='ocr_carea' id='block_1_5' title="bbox 351 2957 1523 4442">
    <p class='ocr_par' dir='ltr' id='par_1_5' title="bbox 354 2957 845 3028">
     <span class='ocr_line' id='line_1_22' title="bbox 354 2957 845 3028; baseline -0.006 -13"><span class='ocrx_word' id='word_1_170' title='bbox 354 2957 393 3015; x_wconf 88' lang='lat' dir='ltr'><strong>de</strong></span> <span class='ocrx_word' id='word_1_171' title='bbox 412 2957 502 3028; x_wconf 91' lang='lat' dir='ltr'><strong>signis</strong></span> <span class='ocrx_word' id='word_1_172' title='bbox 521 2957 644 3014; x_wconf 89' lang='lat' dir='ltr'><strong>violatae</strong></span> <span class='ocrx_word' id='word_1_173' title='bbox 662 2957 845 3028; x_wconf 89' lang='lat' dir='ltr'><strong>virginitatis.</strong></span> 
     </span>
    </p>

    <p class='ocr_par' dir='ltr' id='par_1_6' title="bbox 354 3045 1522 3824">
     <span class='ocr_line' id='line_1_23' title="bbox 427 3045 1521 3118; baseline 0 -16"><span class='ocrx_word' id='word_1_174' title='bbox 427 3046 470 3102; x_wconf 77' lang='lat' dir='ltr'><strong>Aa</strong></span> <span class='ocrx_word' id='word_1_175' title='bbox 490 3045 564 3102; x_wconf 90' lang='lat' dir='ltr'><strong>banc</strong></span> <span class='ocrx_word' id='word_1_176' title='bbox 583 3055 678 3102; x_wconf 87' lang='lat' dir='ltr'><strong>autem</strong></span> <span class='ocrx_word' id='word_1_177' title='bbox 699 3046 904 3118; x_wconf 86' lang='lat' dir='ltr'><strong>inspectionem</strong></span> <span class='ocrx_word' id='word_1_178' title='bbox 920 3046 973 3104; x_wconf 88' lang='lat' dir='ltr'><strong>rite</strong></span> <span class='ocrx_word' id='word_1_179' title='bbox 992 3045 1182 3118; x_wconf 77' lang='lat' dir='ltr'><strong>peragendam</strong></span> <span class='ocrx_word' id='word_1_180' title='bbox 1198 3059 1249 3118; x_wconf 90' lang='lat' dir='ltr'><strong>per</strong></span> <span class='ocrx_word' id='word_1_181' title='bbox 1266 3051 1419 3106; x_wconf 76' lang='lat' dir='ltr'><strong>matrones</strong></span> <span class='ocrx_word' id='word_1_182' title='bbox 1437 3045 1521 3118; x_wconf 89' lang='lat' dir='ltr'><strong>depo-</strong></span> 
     </span>
     <span class='ocr_line' id='line_1_24' title="bbox 357 3131 1520 3206; baseline 0 -14"><span class='ocrx_word' id='word_1_183' title='bbox 357 3133 464 3192; x_wconf 88' lang='lat' dir='ltr'><strong>situras</strong></span> <span class='ocrx_word' id='word_1_184' title='bbox 483 3133 518 3191; x_wconf 85' lang='lat' dir='ltr'><strong>de</strong></span> <span class='ocrx_word' id='word_1_185' title='bbox 535 3134 699 3206; x_wconf 86' lang='lat' dir='ltr'><strong>virginitate</strong></span> <span class='ocrx_word' id='word_1_186' title='bbox 717 3142 768 3192; x_wconf 89' lang='lat' dir='ltr'><strong>aut</strong></span> <span class='ocrx_word' id='word_1_187' title='bbox 785 3133 871 3192; x_wconf 89' lang='lat' dir='ltr'><strong>etiam</strong></span> <span class='ocrx_word' id='word_1_188' title='bbox 890 3133 925 3192; x_wconf 85' lang='lat' dir='ltr'><strong>de</strong></span> <span class='ocrx_word' id='word_1_189' title='bbox 945 3133 1148 3206; x_wconf 88' lang='lat' dir='ltr'><strong>impedimento</strong></span> <span class='ocrx_word' id='word_1_190' title='bbox 1167 3131 1360 3204; x_wconf 84' lang='lat' dir='ltr'><strong>arctitudinis,</strong></span> <span class='ocrx_word' id='word_1_191' title='bbox 1390 3135 1443 3192; x_wconf 92' lang='lat' dir='ltr'><strong>sub</strong></span> <span class='ocrx_word' id='word_1_192' title='bbox 1463 3148 1520 3192; x_wconf 89' lang='lat' dir='ltr'><strong>me-</strong></span> 
     </span>
     <span class='ocr_line' id='line_1_25' title="bbox 356 3221 1522 3294; baseline -0.001 -15"><span class='ocrx_word' id='word_1_193' title='bbox 356 3221 488 3279; x_wconf 85' lang='lat' dir='ltr'><strong>dicorum</strong></span> <span class='ocrx_word' id='word_1_194' title='bbox 515 3229 542 3278; x_wconf 92' lang='lat' dir='ltr'><strong>et</strong></span> <span class='ocrx_word' id='word_1_195' title='bbox 566 3223 768 3294; x_wconf 89' lang='lat' dir='ltr'><strong>cbirurgorum</strong></span> <span class='ocrx_word' id='word_1_196' title='bbox 795 3221 911 3290; x_wconf 84' lang='lat' dir='ltr'><strong>iudicio,</strong></span> <span class='ocrx_word' id='word_1_197' title='bbox 939 3227 966 3278; x_wconf 91' lang='lat' dir='ltr'><strong>et</strong></span> <span class='ocrx_word' id='word_1_198' title='bbox 991 3235 1042 3293; x_wconf 90' lang='lat' dir='ltr'><strong>per</strong></span> <span class='ocrx_word' id='word_1_199' title='bbox 1060 3221 1199 3280; x_wconf 87' lang='lat' dir='ltr'><strong>eiusmodi</strong></span> <span class='ocrx_word' id='word_1_200' title='bbox 1219 3221 1249 3278; x_wconf 90' lang='lat' dir='ltr'><strong>in</strong></span> <span class='ocrx_word' id='word_1_201' title='bbox 1279 3228 1338 3278; x_wconf 90' lang='lat' dir='ltr'><strong>arte</strong></span> <span class='ocrx_word' id='word_1_202' title='bbox 1369 3221 1522 3280; x_wconf 83' lang='lat' dir='ltr'><strong>mediaret</strong></span> 
     </span>
     <span class='ocr_line' id='line_1_26' title="bbox 354 3309 1520 3384; baseline 0 -18"><span class='ocrx_word' id='word_1_203' title='bbox 354 3309 519 3382; x_wconf 75' lang='lat' dir='ltr'><strong>chirurgica</strong></span> <span class='ocrx_word' id='word_1_204' title='bbox 538 3311 647 3384; x_wconf 72' lang='lat' dir='ltr'><strong>peritos</strong></span> <span class='ocrx_word' id='word_1_205' title='bbox 665 3311 689 3368; x_wconf 92' lang='lat' dir='ltr'><strong>si</strong></span> <span class='ocrx_word' id='word_1_206' title='bbox 707 3317 808 3384; x_wconf 87' lang='lat' dir='ltr'><strong>agatur</strong></span> <span class='ocrx_word' id='word_1_207' title='bbox 827 3309 862 3368; x_wconf 88' lang='lat' dir='ltr'><strong>de</strong></span> <span class='ocrx_word' id='word_1_208' title='bbox 880 3311 938 3368; x_wconf 87' lang='lat' dir='ltr'><strong>viri</strong></span> <span class='ocrx_word' id='word_1_209' title='bbox 957 3309 1142 3382; x_wconf 88' lang='lat' dir='ltr'><strong>impotentia;</strong></span> <span class='ocrx_word' id='word_1_210' title='bbox 1163 3341 1195 3350; x_wconf 86' lang='lat'><em>-</em></span> <span class='ocrx_word' id='word_1_211' title='bbox 1215 3310 1336 3380; x_wconf 87' lang='lat' dir='ltr'><strong>insuper</strong></span> <span class='ocrx_word' id='word_1_212' title='bbox 1364 3309 1400 3367; x_wconf 87' lang='lat' dir='ltr'><strong>ad</strong></span> <span class='ocrx_word' id='word_1_213' title='bbox 1418 3323 1520 3382; x_wconf 89' lang='lat' dir='ltr'><strong>oppor-</strong></span> 
     </span>
     <span class='ocr_line' id='line_1_27' title="bbox 359 3398 1520 3472; baseline 0.002 -18"><span class='ocrx_word' id='word_1_214' title='bbox 359 3403 444 3456; x_wconf 89' lang='lat' dir='ltr'><strong>tunas</strong></span> <span class='ocrx_word' id='word_1_215' title='bbox 463 3398 699 3472; x_wconf 76' lang='lat' dir='ltr'><strong>interrogationes</strong></span> <span class='ocrx_word' id='word_1_216' title='bbox 718 3414 734 3456; x_wconf 89' lang='lat' dir='ltr'><strong>a</strong></span> <span class='ocrx_word' id='word_1_217' title='bbox 754 3399 903 3456; x_wconf 81' lang='lat' dir='ltr'><strong>defensore</strong></span> <span class='ocrx_word' id='word_1_218' title='bbox 933 3399 1107 3460; x_wconf 81' lang='lat' dir='ltr'><strong>matrimonii</strong></span> <span class='ocrx_word' id='word_1_219' title='bbox 1133 3412 1169 3455; x_wconf 82' lang='lat' dir='ltr'><strong>ex</strong></span> <span class='ocrx_word' id='word_1_220' title='bbox 1196 3399 1288 3456; x_wconf 82' lang='lat' dir='ltr'><strong>officio</strong></span> <span class='ocrx_word' id='word_1_221' title='bbox 1318 3406 1345 3456; x_wconf 88' lang='lat' dir='ltr'><strong>et</strong></span> <span class='ocrx_word' id='word_1_222' title='bbox 1364 3399 1399 3456; x_wconf 85' lang='lat' dir='ltr'><strong>ab</strong></span> <span class='ocrx_word' id='word_1_223' title='bbox 1428 3399 1520 3458; x_wconf 86' lang='lat' dir='ltr'><strong>iudice</strong></span> 
     </span>
     <span class='ocr_line' id='line_1_28' title="bbox 359 3486 1520 3558; baseline 0 -14"><span class='ocrx_word' id='word_1_224' title='bbox 359 3486 577 3558; x_wconf 56' lang='lat' dir='ltr'><strong>proponentem</strong></span> <span class='ocrx_word' id='word_1_225' title='bbox 600 3517 632 3527; x_wconf 90' lang='lat'><em>-</em></span> <span class='ocrx_word' id='word_1_226' title='bbox 644 3501 678 3544; x_wconf 87' lang='lat' dir='ltr'><strong>ac</strong></span> <span class='ocrx_word' id='word_1_227' title='bbox 688 3487 800 3544; x_wconf 86' lang='lat' dir='ltr'><strong>tandem</strong></span> <span class='ocrx_word' id='word_1_228' title='bbox 815 3487 851 3545; x_wconf 85' lang='lat' dir='ltr'><strong>ad</strong></span> <span class='ocrx_word' id='word_1_229' title='bbox 870 3495 930 3544; x_wconf 87' lang='lat' dir='ltr'><strong>acta</strong></span> <span class='ocrx_word' id='word_1_230' title='bbox 949 3487 1044 3544; x_wconf 87' lang='lat' dir='ltr'><strong>valide</strong></span> <span class='ocrx_word' id='word_1_231' title='bbox 1057 3487 1231 3544; x_wconf 84' lang='lat' dir='ltr'><strong>conficienda</strong></span> <span class='ocrx_word' id='word_1_232' title='bbox 1247 3487 1326 3544; x_wconf 82' lang='lat' dir='ltr'><strong>iuxta</strong></span> <span class='ocrx_word' id='word_1_233' title='bbox 1342 3487 1520 3544; x_wconf 71' lang='lat' dir='ltr'><strong>recocunt</strong></span> 
     </span>
     <span class='ocr_line' id='line_1_29' title="bbox 354 3575 1515 3648; baseline -0.001 -16"><span class='ocrx_word' id='word_1_234' title='bbox 354 3581 450 3632; x_wconf 86' lang='lat' dir='ltr'><strong>coust.</strong></span> <span class='ocrx_word' id='word_1_235' title='bbox 469 3576 522 3634; x_wconf 82' lang='lat' dir='ltr'><strong>Dei</strong></span> <span class='ocrx_word' id='word_1_236' title='bbox 539 3575 743 3634; x_wconf 68' lang='lat' dir='ltr'><strong>miseratione:</strong></span> <span class='ocrx_word' id='word_1_237' title='bbox 764 3575 830 3634; x_wconf 87' lang='lat' dir='ltr'><strong>vide</strong></span> <span class='ocrx_word' id='word_1_238' title='bbox 849 3575 878 3631; x_wconf 93' lang='lat' dir='ltr'><strong>iu</strong></span> <span class='ocrx_word' id='word_1_239' title='bbox 897 3575 1059 3648; x_wconf 78' lang='lat' dir='ltr'><strong>appendice</strong></span> <span class='ocrx_word' id='word_1_240' title='bbox 1077 3592 1107 3631; x_wconf 84' lang='lat' dir='ltr'><strong>c.</strong></span> <span class='ocrx_word' id='word_1_241' title='bbox 1127 3580 1153 3632; x_wconf 81' lang='lat'><strong>2.</strong></span> <span class='ocrx_word' id='word_1_242' title='bbox 1182 3577 1411 3634; x_wconf 75' lang='lat' dir='ltr'><strong>instructionem</strong></span> <span class='ocrx_word' id='word_1_243' title='bbox 1439 3577 1466 3631; x_wconf 86' lang='lat' dir='ltr'><strong>s.</strong></span> <span class='ocrx_word' id='word_1_244' title='bbox 1486 3577 1515 3632; x_wconf 83' lang='lat' dir='ltr'><strong>c.</strong></span> 
     </span>
     <span class='ocr_line' id='line_1_30' title="bbox 359 3663 1516 3738; baseline -0.003 -16"><span class='ocrx_word' id='word_1_245' title='bbox 359 3664 477 3722; x_wconf 83' lang='lat' dir='ltr'><strong>concilii</strong></span> <span class='ocrx_word' id='word_1_246' title='bbox 497 3663 592 3720; x_wconf 73' lang='lat' dir='ltr'><strong>damur</strong></span> <span class='ocrx_word' id='word_1_247' title='bbox 611 3679 658 3720; x_wconf 92' lang='lat' dir='ltr'><strong>an.</strong></span> <span class='ocrx_word' id='word_1_248' title='bbox 679 3665 758 3722; x_wconf 83' lang='lat'>1840.</span> <span class='ocrx_word' id='word_1_249' title='bbox 772 3695 808 3704; x_wconf 93' lang='lat'><em>-</em></span> <span class='ocrx_word' id='word_1_250' title='bbox 826 3663 874 3722; x_wconf 84' lang='lat' dir='ltr'><strong>cir</strong></span> <span class='ocrx_word' id='word_1_251' title='bbox 891 3665 975 3720; x_wconf 87' lang='lat' dir='ltr'><strong>etiam</strong></span> <span class='ocrx_word' id='word_1_252' title='bbox 1002 3665 1174 3722; x_wconf 79' lang='lat' dir='ltr'><strong>beurenium</strong></span> <span class='ocrx_word' id='word_1_253' title='bbox 1192 3663 1242 3721; x_wconf 88' lang='lat' dir='ltr'><strong>tec.</strong></span> <span class='ocrx_word' id='word_1_254' title='bbox 1262 3663 1311 3721; x_wconf 89' lang='lat' dir='ltr'><strong>cit.</strong></span> <span class='ocrx_word' id='word_1_255' title='bbox 1332 3671 1442 3738; x_wconf 81' lang='lat' dir='ltr'><strong>quocct.</strong></span> <span class='ocrx_word' id='word_1_256' title='bbox 1455 3667 1516 3732; x_wconf 71' lang='lat'><strong>254,</strong></span> 
     </span>
     <span class='ocr_line' id='line_1_31' title="bbox 354 3743 1519 3824; baseline -0.003 -16"><span class='ocrx_word' id='word_1_257' title='bbox 354 3751 406 3808; x_wconf 87' lang='lat' dir='ltr'><strong>nbi</strong></span> <span class='ocrx_word' id='word_1_258' title='bbox 426 3751 556 3823; x_wconf 85' lang='lat' dir='ltr'><strong>inquirit,</strong></span> <span class='ocrx_word' id='word_1_259' title='bbox 568 3759 637 3824; x_wconf 88' lang='lat' dir='ltr'><strong>quot</strong></span> <span class='ocrx_word' id='word_1_260' title='bbox 651 3759 678 3808; x_wconf 89' lang='lat' dir='ltr'><strong>et</strong></span> <span class='ocrx_word' id='word_1_261' title='bbox 691 3751 791 3823; x_wconf 81' lang='lat' dir='ltr'><strong>quates</strong></span> <span class='ocrx_word' id='word_1_262' title='bbox 805 3743 867 3809; x_wconf 84' lang='lat' dir='ltr'><strong>esse</strong></span> <span class='ocrx_word' id='word_1_263' title='bbox 878 3751 1001 3810; x_wconf 80' lang='lat' dir='ltr'><strong>debeant</strong></span> <span class='ocrx_word' id='word_1_264' title='bbox 1011 3759 1157 3810; x_wconf 88' lang='lat' dir='ltr'><strong>matronae</strong></span> <span class='ocrx_word' id='word_1_265' title='bbox 1167 3753 1371 3824; x_wconf 82' lang='lat' dir='ltr'><strong>inspectionem</strong></span> <span class='ocrx_word' id='word_1_266' title='bbox 1386 3751 1519 3810; x_wconf 83' lang='lat' dir='ltr'><strong>iacturae.</strong></span> 
     </span>
    </p>

    <p class='ocr_par' dir='ltr' id='par_1_7' title="bbox 351 3838 1523 4180">
     <span class='ocr_line' id='line_1_32' title="bbox 426 3838 1519 3912; baseline 0.001 -17"><span class='ocrx_word' id='word_1_267' title='bbox 426 3838 462 3912; x_wconf 72' lang='lat'><strong>(2)</strong></span> <span class='ocrx_word' id='word_1_268' title='bbox 484 3839 584 3898; x_wconf 85' lang='lat' dir='ltr'><strong>verbis</strong></span> <span class='ocrx_word' id='word_1_269' title='bbox 601 3841 728 3912; x_wconf 80' lang='lat' dir='ltr'><strong>septimo</strong></span> <span class='ocrx_word' id='word_1_270' title='bbox 745 3853 852 3898; x_wconf 80' lang='lat' dir='ltr'><strong>monor</strong></span> <span class='ocrx_word' id='word_1_271' title='bbox 874 3839 903 3896; x_wconf 94' lang='lat' dir='ltr'><strong>in</strong></span> <span class='ocrx_word' id='word_1_272' title='bbox 917 3855 1004 3898; x_wconf 87' lang='lat' dir='ltr'><strong>seusu</strong></span> <span class='ocrx_word' id='word_1_273' title='bbox 1019 3855 1166 3898; x_wconf 84' lang='lat' dir='ltr'><strong>sacrorum</strong></span> <span class='ocrx_word' id='word_1_274' title='bbox 1185 3855 1329 3898; x_wconf 84' lang='lat' dir='ltr'><strong>canonum</strong></span> <span class='ocrx_word' id='word_1_275' title='bbox 1349 3840 1519 3912; x_wconf 86' lang='lat' dir='ltr'><strong>intelligitur</strong></span> 
     </span>
     <span class='ocr_line' id='line_1_33' title="bbox 356 3927 1521 4002; baseline -0.002 -18"><span class='ocrx_word' id='word_1_276' title='bbox 356 3927 551 3985; x_wconf 87' lang='lat' dir='ltr'><strong>iuramentum</strong></span> <span class='ocrx_word' id='word_1_277' title='bbox 571 3937 678 4002; x_wconf 87' lang='lat' dir='ltr'><strong>septem</strong></span> <span class='ocrx_word' id='word_1_278' title='bbox 698 3929 812 3986; x_wconf 91' lang='lat' dir='ltr'><strong>testium</strong></span> <span class='ocrx_word' id='word_1_279' title='bbox 832 3929 1003 4000; x_wconf 90' lang='lat' dir='ltr'><strong>coniugibus</strong></span> <span class='ocrx_word' id='word_1_280' title='bbox 1024 3931 1251 4001; x_wconf 88' lang='lat' dir='ltr'><strong>propinquorum</strong></span> <span class='ocrx_word' id='word_1_281' title='bbox 1280 3929 1326 3987; x_wconf 88' lang='lat' dir='ltr'><strong>vel</strong></span> <span class='ocrx_word' id='word_1_282' title='bbox 1357 3929 1521 3988; x_wconf 89' lang='lat' dir='ltr'><strong>vicinorum</strong></span> 
     </span>
     <span class='ocr_line' id='line_1_34' title="bbox 351 4017 1523 4089; baseline 0 -15"><span class='ocrx_word' id='word_1_283' title='bbox 351 4017 529 4088; x_wconf 82' lang='lat' dir='ltr'><strong>testantium,</strong></span> <span class='ocrx_word' id='word_1_284' title='bbox 548 4017 714 4086; x_wconf 79' lang='lat' dir='ltr'><strong>accredere,</strong></span> <span class='ocrx_word' id='word_1_285' title='bbox 736 4017 870 4089; x_wconf 79' lang='lat' dir='ltr'><strong>coniuges</strong></span> <span class='ocrx_word' id='word_1_286' title='bbox 887 4031 989 4074; x_wconf 80' lang='lat' dir='ltr'><strong>oerum·</strong></span> <span class='ocrx_word' id='word_1_287' title='bbox 1008 4019 1116 4078; x_wconf 71' lang='lat' dir='ltr'><strong>dicent</strong></span> <span class='ocrx_word' id='word_1_288' title='bbox 1137 4024 1164 4075; x_wconf 90' lang='lat' dir='ltr'><strong>et</strong></span> <span class='ocrx_word' id='word_1_289' title='bbox 1184 4017 1245 4076; x_wconf 89' lang='lat' dir='ltr'><strong>idco</strong></span> <span class='ocrx_word' id='word_1_290' title='bbox 1272 4033 1371 4075; x_wconf 87' lang='lat' dir='ltr'><strong>eorum</strong></span> <span class='ocrx_word' id='word_1_291' title='bbox 1398 4018 1523 4075; x_wconf 89' lang='lat' dir='ltr'><strong>testimo·</strong></span> 
     </span>
     <span class='ocr_line' id='line_1_35' title="bbox 353 4104 875 4180; baseline -0.002 -20"><span class='ocrx_word' id='word_1_292' title='bbox 353 4104 437 4163; x_wconf 90' lang='lat' dir='ltr'><strong>nium</strong></span> <span class='ocrx_word' id='word_1_293' title='bbox 457 4105 620 4180; x_wconf 88' lang='lat' dir='ltr'><strong>appellatur</strong></span> <span class='ocrx_word' id='word_1_294' title='bbox 638 4105 671 4163; x_wconf 81' lang='lat' dir='ltr'><strong>dc</strong></span> <span class='ocrx_word' id='word_1_295' title='bbox 689 4104 875 4163; x_wconf 74' lang='lat' dir='ltr'><strong>credulitate.</strong></span> 
     </span>
    </p>

    <p class='ocr_par' dir='ltr' id='par_1_8' title="bbox 427 4183 882 4268">
     <span class='ocr_line' id='line_1_36' title="bbox 427 4183 882 4268; baseline -0.007 -16"><span class='ocrx_word' id='word_1_296' title='bbox 427 4194 463 4268; x_wconf 71' lang='lat'><strong>(3)</strong></span> <span class='ocrx_word' id='word_1_297' title='bbox 482 4183 549 4268; x_wconf 72' lang='lat' dir='ltr'><strong>C&#39;ap.</strong></span> <span class='ocrx_word' id='word_1_298' title='bbox 572 4194 754 4254; x_wconf 80' lang='lat' dir='ltr'><strong>laudabilem</strong></span> <span class='ocrx_word' id='word_1_299' title='bbox 773 4195 818 4252; x_wconf 90' lang='lat' dir='ltr'><strong>cit.</strong></span> <span class='ocrx_word' id='word_1_300' title='bbox 841 4195 882 4251; x_wconf 93' lang='lat' dir='ltr'><strong>tit.</strong></span> 
     </span>
    </p>

    <p class='ocr_par' dir='ltr' id='par_1_9' title="bbox 428 4280 1154 4355">
     <span class='ocr_line' id='line_1_37' title="bbox 428 4280 1154 4355; baseline -0.003 -17"><span class='ocrx_word' id='word_1_301' title='bbox 428 4280 464 4354; x_wconf 77' lang='lat'><strong>(4)</strong></span> <span class='ocrx_word' id='word_1_302' title='bbox 483 4283 532 4341; x_wconf 85' lang='lat' dir='ltr'><strong>Cir</strong></span> <span class='ocrx_word' id='word_1_303' title='bbox 549 4283 674 4340; x_wconf 88' lang='lat' dir='ltr'><strong>Saucbez</strong></span> <span class='ocrx_word' id='word_1_304' title='bbox 693 4281 745 4340; x_wconf 85' lang='lat' dir='ltr'><strong>tio.</strong></span> <span class='ocrx_word' id='word_1_305' title='bbox 767 4289 792 4338; x_wconf 77' lang='lat'><strong>7.</strong></span> <span class='ocrx_word' id='word_1_306' title='bbox 813 4281 888 4355; x_wconf 80' lang='lat' dir='ltr'><strong>disp.</strong></span> <span class='ocrx_word' id='word_1_307' title='bbox 912 4287 970 4340; x_wconf 80' lang='lat'><strong><em>108.</em></strong></span> <span class='ocrx_word' id='word_1_308' title='bbox 990 4297 1042 4338; x_wconf 82' lang='lat' dir='ltr'><strong>co.</strong></span> <span class='ocrx_word' id='word_1_309' title='bbox 1064 4285 1154 4338; x_wconf 65' lang='lat'><strong><em>1243.</em></strong></span> 
     </span>
    </p>

    <p class='ocr_par' dir='ltr' id='par_1_10' title="bbox 429 4369 1277 4442">
     <span class='ocr_line' id='line_1_38' title="bbox 429 4369 1277 4442; baseline -0.002 -16"><span class='ocrx_word' id='word_1_310' title='bbox 429 4369 462 4442; x_wconf 79' lang='lat'><strong>(5)</strong></span> <span class='ocrx_word' id='word_1_311' title='bbox 482 4370 529 4429; x_wconf 85' lang='lat' dir='ltr'><strong>Cir</strong></span> <span class='ocrx_word' id='word_1_312' title='bbox 546 4370 687 4429; x_wconf 85' lang='lat' dir='ltr'><strong>Benedicti</strong></span> <span class='ocrx_word' id='word_1_313' title='bbox 706 4371 767 4428; x_wconf 78' lang='lat' dir='ltr'><strong>xli</strong></span> <span class='ocrx_word' id='word_1_314' title='bbox 786 4377 876 4428; x_wconf 89' lang='lat' dir='ltr'><strong>const.</strong></span> <span class='ocrx_word' id='word_1_315' title='bbox 898 4371 947 4426; x_wconf 82' lang='lat' dir='ltr'><strong>Dei</strong></span> <span class='ocrx_word' id='word_1_316' title='bbox 961 4369 1158 4438; x_wconf 75' lang='lat' dir='ltr'><strong>miseratione,</strong></span> <span class='ocrx_word' id='word_1_317' title='bbox 1181 4386 1211 4426; x_wconf 79' lang='lat' dir='ltr'><strong>c.</strong></span> <span class='ocrx_word' id='word_1_318' title='bbox 1234 4373 1277 4425; x_wconf 82' lang='lat' dir='ltr'><strong>tt.</strong></span> 
     </span>
    </p>
   </div>
   <div class='ocr_carea' id='block_1_6' title="bbox 0 0 1726 5301">
    <p class='ocr_par' dir='ltr' id='par_1_11' title="bbox 0 0 1726 5301">
     <span class='ocr_line' id='line_1_39' title="bbox 0 0 1726 5301; baseline 0 0"><span class='ocrx_word' id='word_1_319' title='bbox 0 0 1726 5301; x_wconf 95' lang='lat' dir='ltr'><strong> </strong></span> 
     </span>
    </p>
   </div>
  </div>
 </body>
</html>
