3424 5300
658 511 693 524 —
720 477 773 542 ror
796 473 832 526 ’-

161 629 206 682 un
234 629 403 708 peream
431 603 739 700 consuetudinem,
770 605 800 683 si
828 629 899 710 qua
933 605 1138 699 invaluerit,
1170 603 1328 683 dicrum-

157 740 269 833 patur
301 755 428 808 nereus
462 728 715 809 ecclesiasticae
751 729 979 835 discipliuae:
1019 732 1055 808 in
1092 753 1164 834 quo
1184 736 1328 808 'eventu

160 879 342 959 nunquam
371 879 434 960 per
462 880 539 934 eam
567 853 739 934 adversus
767 855 879 958 legem
908 853 1101 960 praescribi
1131 853 1326 934 declaravit

160 979 390 1058 Innocentius
419 982 473 1058 lll
501 982 539 1057 in
558 1005 637 1085 cap.
660 1005 739 1058 cum
758 981 867 1066 iuter,
887 979 930 1057 de
948 975 1210 1057 cousuetudine.
1235 979 1327 1054 Num

160 1125 265 1206 porro
292 1101 474 1207 praedicta
502 1102 722 1183 consuetudo
750 1101 921 1182 eiusmodi
942 1101 1121 1180 inficiatur
1140 1103 1241 1195 vitio,
1264 1123 1328 1204 po-

160 1223 232 1304 tius
260 1251 367 1330 quam
396 1253 416 1305 a
445 1228 561 1323 nobis,
588 1241 748 1334 praestat
767 1228 891 1306 audire
919 1254 940 1304 a
969 1227 1144 1330 gallicano
1181 1237 1326 1332 auctore

163 1348 408 1429 Cubussutio'»
430 1352 576 1430 -cuius
604 1353 726 1432 relatis
754 1351 872 1432 verbis
900 1377 941 1430 eo
960 1352 1048 1430 vitio
1076 1349 1171 1430 inlici
1201 1347 1329 1454 probat

119 1459 126 1472 ⁸
159 1473 332 1553 eiusmodi
352 1476 647 1556 consuetudinem
662 1477 823 1582 exemplo
841 1477 1096 1581 Episcoporum
1114 1473 1343 1584 Galliarum.¹

240 1605 277 1676 6.
310 1597 362 1676 ld
390 1597 533 1704 louquot
561 1615 747 1705 praeterea
785 1611 927 1705 tempus
961 1599 1057 1703 quod
1094 1598 1243 1693 attinet,
1282 1610 1324 1674 ut

158 1705 379 1800 consuetudo
407 1721 561 1825 legitime
590 1726 809 1828 praescripta
838 1723 992 1816 dicatur,
1015 1725 1157 1800 omnino
1176 1719 1330 1824 requiri·

158 1859 232 1936 tur,
250 1858 290 1923 ut
309 1846 417 1925 semel
445 1846 608 1952 incaepta
637 1874 678 1926 ae
705 1873 746 1926 eo
774 1848 939 1926 volvente
967 1860 1125 1950 tempore
1145 1845 1196 1923 ita
1215 1842 1329 1922 conti·

158 1981 304 2062 nuetur,
335 1981 376 2048 ut
404 1969 593 2049 contrariis
624 1971 764 2050 autibus
797 1996 868 2049 uon
896 1974 1202 2074 interrumpatur:
1234 1991 1330 2045 com-

160 2092 277 2170 munis
305 2105 359 2172 est
388 2097 576 2173 Doctorum
613 2097 792 2175 sententia
821 2095 895 2201 (l).
927 2100 972 2174 Et
1000 2121 1038 2174 re
1071 2093 1215 2198 quidem
1244 2115 1327 2169 vera

159 2215 202 2293 ad
232 2218 545 2324 praescriptionem
574 2220 768 2323 generatim
789 2221 982 2326 requiritur
1007 2219 1228 2299 continuatio
1246 2242 1329 2322 pos·

159 2340 319 2417 sessionis
348 2355 504 2448 tempore
532 2342 671 2446 legibus
699 2343 864 2439 definito;
895 2357 930 2423 et
960 2345 1106 2449 insuper
1140 2367 1219 2420 cum
1248 2340 1327 2418 iura

159 2465 355 2568 loquuntur
383 2465 426 2544 de
455 2480 612 2572 tempore
640 2467 1042 2572 requisitoadaliquem
1071 2466 1248 2560 ellectum,
1271 2465 1329 2543 iu-

159 2587 331 2691 telligitur
359 2589 403 2668 de
431 2591 601 2671 continuo
628 2607 665 2671 et
691 2619 763 2670 uun
792 2593 994 2698 interrupto
1022 2605 1194 2696 tempore.
1223 2593 1268 2669 Et
1296 2573 1327 2666 si

160 2714 380 2794 consuetudo
414 2716 482 2795 rite
515 2717 811 2822 interrumpatur,
842 2745 899 2797 er.
933 2743 985 2820 gr.
1017 2715 1063 2795 ab
1092 2729 1175 2795 actu
1205 2715 1325 2820 aliquo

158 2840 262 2943 legali
291 2842 520 2945 Legislatoris
548 2843 778 2922 ecelesiastici
808 2841 1006 2934 releivilis,
1024 2839 1137 2918 denuo
1165 2837 1329 2916 iuebouri

159 2963 271 3052 debet,
300 2978 341 3044 ut
369 2966 439 3044 rim
467 2966 555 3068 legis
584 2965 729 3045 babeat.

240 3099 277 3168 7.
309 3091 560 3194 Expositarum
587 3091 622 3168 ri
637 3089 880 3170 conditionum
900 3087 945 3167 ad
964 3087 1160 3193 quamlibet
1179 3109 1329 3164 consue-

159 3211 319 3292 tudinem
348 3213 609 3309 sustinendam,
641 3214 836 3320 requiritur
863 3214 970 3292 etiam
987 3205 1166 3317 Principis
1187 3233 1329 3289 consert-

159 3363 232 3416 sus.
264 3337 332 3416 Sed
360 3341 525 3443 quisnam
553 3365 630 3419 esse
659 3339 765 3420 debet
793 3339 965 3426 eiusmodi
999 3339 1216 3418 consensusl
1245 3341 1329 3414 Cer·
1360 3429 1364 3440 .

159 3477 233 3541 tum
262 3463 406 3568 quidem
435 3479 503 3559 est,
535 3490 606 3542 non
628 3467 761 3569 requiri
781 3465 1002 3570 personalem
1020 3461 1326 3570 etpartiuularem

158 3587 335 3691 Principis
363 3611 588 3683 consensum,
620 3587 682 3667 sed
710 3588 872 3667 sufficere
899 3586 1096 3694 pecoralem
1125 3601 1162 3666 et
1180 3583 1326 3690 lupulam

159 3707 352 3790 iuridicum
380 3737 599 3799 coneursum,
627 3715 689 3818 qui
717 3739 781 3818 per
809 3713 925 3818 ipsum
952 3715 1009 3792 ius
1042 3712 1212 3817 scriptum
1240 3714 1328 3788 iam·

159 3859 228 3936 qne
257 3833 346 3912 alias
375 3863 395 3912 a
416 3837 578 3941 Principe
594 3835 716 3915 eiusve
735 3835 981 3916 decessoribus
1000 3835 1196 3929 conditum,
1221 3833 1326 3912 datus

160 3955 225 4050 boc
252 3957 331 4062 ipso
359 3959 588 4062 intelligitur,
620 3959 715 4064 quod
744 3961 879 4039 scilicet
907 3961 1121 4038 acommuui
1149 3961 1226 4036 iure
1254 3969 1329 4035 sta-

161 4085 278 4160 tutum
306 4081 367 4177 sit,
400 4083 694 4162 consuetudinem
722 4083 937 4189 quibusdam
956 4083 1104 4162 sancitis
1132 4079 1328 4187 praeditam

162 4203 427 4284 conditionibus
458 4205 613 4285 validam
649 4231 741 4302 esse,
778 4219 813 4285 et
841 4207 1015 4287 rationem
1052 4207 1141 4309 legis
1177 4204 1324 4299 babere,

228 4399 267 4472 (1)
287 4400 395 4469 abbas,
415 4404 530 4470 suarez,
551 4404 688 4472 baymam,
704 4402 914 4472 castropataus,
928 4403 1044 4473 Pirbing
1065 4403 1139 4458 citati
1155 4417 1170 4457 a
1187 4371 1327 4460 Leurenlo

165 4489 215 4544 lib.
241 4495 263 4544 l.
286 4489 333 4548 tit.
356 4495 381 4543 l.
402 4499 514 4562 qttoest.
535 4494 597 4546 379.
