3446 5298
692 473 727 488 -
750 441 808 503 aar
832 473 869 488 -

197 575 417 644 contractum
435 590 555 644 coram
569 565 724 671 parocho
742 565 825 653 loci,
842 565 902 644 uhi
917 565 1157 646 contrahentes
1176 569 1363 672 reperiun-

197 699 256 766 tur
284 715 354 767 aon
383 692 503 768 animo
529 691 578 770 ihi
611 689 829 770 domicilium
865 691 1157 771 contrahendi..
1184 753 1193 770 .
1216 695 1236 796 (
1243 693 1362 796 Refert

195 812 287 892 alius
316 812 574 919 resolutiones).
605 820 658 894 Ex
686 814 835 894 adverso
862 815 987 894 eadem
1014 819 1246 920 Congrogatio
1273 817 1363 895 vali·

195 939 282 1018 dum
308 941 448 1020 consuit
476 941 739 1020 matrimonium
758 940 804 1018 ab
822 967 864 1020 eo
883 953 1118 1035 contractum,
1136 943 1199 1045 qui
1228 939 1364 1020 disces·

195 1077 291 1143 serat
320 1090 340 1141 a
368 1064 444 1144 loco
472 1065 605 1171 proprii
634 1064 815 1160 domicilii,
839 1079 881 1145 ut
903 1065 1135 1144 difficultates
1156 1063 1358 1167 aufugeret,

196 1189 233 1266 in
261 1213 351 1291 quas
379 1187 598 1282 offendisset,
630 1189 662 1266 si
689 1189 953 1268 matrimonium
973 1213 1091 1267 coram
1118 1187 1277 1267 eiusdem
1295 1187 1362 1266 loci

197 1311 351 1418 parocho
378 1312 469 1392 inire
489 1312 674 1408 voluisset,
692 1325 799 1418 atque
818 1312 908 1392 illud
928 1312 1057 1392 inierat
1075 1336 1192 1392 coram
1207 1312 1362 1416 parocho

198 1436 346 1516 alterius
374 1436 455 1530 loci,
487 1449 674 1542 postquam
703 1449 823 1516 tamen
850 1437 1047 1540 legitimum
1072 1435 1202 1516 ibidem
1233 1435 1362 1540 quasi-

197 1559 416 1640 domioilium
443 1548 595 1664 adeptus
614 1560 744 1656 luerat,
768 1559 1127 1666 eodemqueanno,
1154 1560 1261 1658 etiam
1281 1573 1363 1666 post

197 1683 461 1764 matrimonium
489 1697 724 1779 contractum,
755 1683 801 1763 ad
829 1684 972 1789 aliquod
992 1697 1134 1789 tempus
1157 1705 1363 1787 permanse-

189 1823 271 1888 rat:
302 1833 395 1912 quae
433 1807 593 1888 definitio
620 1807 693 1886 lata
721 1808 788 1888 luit
815 1807 873 1888 die
903 1817 952 1888 20
990 1807 1164 1887 februarii
1196 1815 1294 1886 1723
1325 1805 1362 1886 in

200 1937 424 2011 Grmsenaten.
444 1957 507 2010 seu
522 1931 733 2011 Foroliuien.
753 1933 989 2019 matrimonii,
1000 1931 1300 2038 quemadmodum
1311 1933 1367 2010 vi·

195 2056 279 2136 dere
307 2069 361 2136 est
389 2069 416 2132 t.
440 2067 477 2136 t.
509 2056 705 2161 supradicti
729 2057 899 2136 Thesauri
918 2055 1030 2134 Resol.
1059 2062 1199 2160 part
1220 2066 1353 2158 etseq.

198 2179 261 2258 ubi
289 2181 378 2258 alias
405 2205 548 2285 qunque
576 2180 709 2258 similes
736 2181 923 2259 ohservare
943 2179 1078 2275 licebit,
1100 2205 1192 2284 quas
1212 2192 1287 2258 tum
1307 2179 1363 2258 di-

199 2305 350 2407 ligenter
383 2305 602 2407 oollegimus.
648 2307 809 2398 Domum,
840 2328 884 2382 ne
922 2303 1091 2408 prolixior
1127 2301 1259 2384 eradat
1286 2329 1366 2382 ora-

200 2428 273 2523 tio,
313 2429 350 2505 in
387 2427 517 2507 celebri
555 2427 751 2532 heopalicn.
791 2429 1041 2514 mutrinmnii,
1078 2428 1260 2532 proposita
1296 2425 1364 2505 suh

200 2552 259 2632 die
296 2563 318 2632 a
358 2553 446 2632 iunii
487 2561 603 2646 1725,
643 2552 876 2655 Congregatio
902 2552 1078 2657 principia
1116 2551 1240 2632 eadem
1277 2549 1364 2628 ada·-

200 2679 346 2758 mussim
374 2679 536 2771 retinuit,
566 2675 863 2780 quemadmodum
890 2676 1008 2779 legere
1037 2676 1090 2756 ias
1119 2689 1174 2756 est
1193 2685 1257 2755 tt
1279 2674 1366 2753 The-

198 2803 299 2881 sauri
313 2799 471 2880 eiusdem
482 2827 522 2905 p.
541 2807 630 2894 161,
642 2799 775 2904 quihus
789 2800 923 2905 pariter
937 2801 975 2878 in
989 2799 1114 2878 eadem
1128 2825 1236 2878 causa
1252 2800 1367 2877 omni-

198 2926 298 3005 mode
339 2925 520 3004 institerat
557 2928 649 3002 Rota
686 2931 831 3002 romana
867 2925 905 3002 in
943 2923 1115 3002 decisione
1147 2931 1246 3003 1298
1276 2936 1303 3000 t.
1336 2931 1359 3001 6

198 3075 315 3129 coram
343 3047 516 3128 honorab.
539 3073 643 3126 mem.
666 3052 837 3128 Lanretta
866 3053 979 3128 Rotae
999 3051 1140 3126 Docano
1160 3060 1196 3125 et
1226 3073 1256 3126 s.
1279 3050 1368 3125 Poo-

198 3175 327 3252 niteut.
358 3177 534 3275 Regonte.

279 3296 449 3400 Exposita
469 3294 758 3400 congregationis
778 3295 983 3373 sententia.
1006 3354 1015 3372 .
1038 3355 1047 3370 .
1079 3296 1212 3401 (perpit
1235 3294 1368 3374 edicere

204 3418 289 3524 quid
312 3419 470 3498 Urbanus
491 3425 573 3496 Vlll
584 3445 652 3524 pro
670 3418 774 3498 huius
794 3421 986 3497 sententiae
1004 3418 1269 3523 confirmatione
1288 3443 1370 3523 per-

203 3541 339 3646 eperit,
369 3541 497 3647 quidne
524 3549 689 3621 ductores
726 3539 774 3618 ad
805 3541 981 3646 pontificii
1018 3541 1123 3620 liuius
1162 3541 1367 3647 diplomatis

204 3669 464 3771 capuanum:
504 3681 539 3746 et
576 3669 849 3774 prosequitur).·
886 3668 975 3746 adeo
1022 3682 1063 3746 ut
1104 3694 1148 3747 er
1189 3669 1368 3748 sententia

168 3852 175 3864 .
205 3791 437 3872 communiter
457 3791 562 3870 hodie
581 3803 722 3896 recepta
747 3807 855 3896 atquo
875 3791 1078 3885 observata,
1101 3791 1239 3870 nullum
1259 3805 1368 3896 atque

204 3915 344 3994 irritum
373 3914 578 3993 habendum
606 3915 654 3994 sit
680 3914 960 4011 matrimonium,
983 3917 1029 3992 in
1058 3914 1219 3994 fraudem
1233 3915 1368 4020 proprii

204 4038 364 4141 parochi,
396 4063 512 4116 coram
542 4039 695 4143 parocho
724 4039 870 4117 alterius
897 4039 965 4117 xloci
999 4051 1235 4134 contractum,
1266 4038 1369 4118 dunt-

206 4163 308 4241 modn
346 4178 465 4243 tamen
503 4163 562 4242 ille
588 4165 652 4268 qui
688 4163 881 4256 contrahit,
914 4176 1106 4266 antequam
1145 4164 1369 4242 matrimonio

205 4287 388 4389 iungatur,
413 4287 608 4391 legitimum
637 4285 856 4366 domicilium
873 4286 929 4363 vel
944 4284 1294 4390 quasirdomicilium
1314 4309 1370 4364 re-

205 4437 288 4489 vera
318 4411 355 4488 in
384 4412 450 4490 hoc
467 4413 590 4491 ¹alteru
618 4411 692 4490 loco
721 4409 872 4516 adeptus
892 4434 963 4488 non
979 4409 1118 4506 luisset,
1134 4409 1260 4516 'atque
1280 4407 1368 4488 inibi
