3402 5292
657 430 773 492 ..297
795 461 833 476 ..

161 551 324 656 praebet,
356 576 416 629 eos
446 577 530 630 vera
559 551 704 629 dixisse.
729 551 778 628 lis
797 551 890 628 enim
907 561 1028 654 aperte
1049 559 1240 653 repugnat,
1263 545 1332 623 hu-

162 675 313 754 iusmodi
343 689 454 754 testes
483 677 518 752 in
548 673 679 753 iudicio
707 686 830 753 tantae
859 673 1045 776 gravitatis
1064 673 1222 777 potuisse
1252 684 1334 749 tan-

162 813 237 878 turn
267 799 366 878 nelos
394 814 552 904 patrare,
584 814 624 878 ut
652 800 770 878 miseri
803 798 1044 904 quaestuslsi
1063 823 1168 902 quern
1199 795 1331 874 habere

161 925 363 1030 potuissent
391 924 436 1002 ab
465 925 535 1002 alio
563 925 715 1004 ruricola
744 923 902 1002 eiusdem
918 947 959 1000 ac
979 923 1045 1026 ipsi
1066 921 1279 1000 conditionis
1294 933 1331 998 et

162 1046 358 1142 facultatis,
389 1047 508 1126 colono
535 1047 591 1128 dol
617 1073 767 1154 porroco
794 1047 832 1125 dt'
860 1073 890 1122 s.
928 1043 1118 1131 Vettcocio,
1141 1043 1252 1145 lllcg.
1289 1046 1327 1120 C.
1400 1053 1404 1062 '

162 1173 281 1275 qualis
309 1188 364 1253 est
392 1174 515 1278 actor)
543 1187 607 1252 aut
625 1172 802 1251 comitatis
821 1197 943 1265 causa,
967 1169 1092 1248 lalsum
1113 1168 1326 1275 proferrent,

163 1321 204 1374 ac
233 1297 329 1401 turpi
359 1298 515 1402 periurio
543 1297 738 1374 firmarent.
773 1299 892 1372 ‹Non
913 1307 985 1372 tarn
1013 1307 1132 1372 autern
1152 1319 1196 1371 ex
1216 1291 1330 1371 lacul-

165 1421 358 1514 ‹tatibus,
389 1447 495 1526 quarn
525 1445 567 1498 er
597 1420 665 1498 fide
694 1435 731 1498 et
758 1419 917 1498 moribus
937 1419 1039 1499 testis
1055 1417 1204 1497 idoneus
1221 1417 1332 1497 aesti-

165 1575 183 1618 ‹
207 1557 362 1622 matur»
393 1545 445 1622 uti
474 1570 516 1622 ex
532 1545 646 1624 Gloss.
665 1545 767 1622 docet
782 1543 877 1622 Cosci
895 1545 970 1646 (Dc
983 1567 1100 1648 seper.
1120 1554 1189 1621 tor.
1208 1541 1269 1620 tt.
1289 1551 1326 1620 2.

162 1693 193 1746 c.
228 1677 266 1746 8.
305 1694 341 1746 c.
381 1667 466 1773 ld).
490 1673 721 1748 -Praeterca
759 1667 977 1770 sullragatur
1017 1667 1113 1772 quod
1151 1681 1330 1772 comperta
1383 1755 1385 1762 J

161 1793 274 1870 oculis
289 1791 488 1897 perferant:
511 1792 800 1898 quandoquidem
815 1795 890 1871 sive
910 1793 1048 1870 ratione
1067 1791 1225 1871 eiusdem
1245 1817 1331 1869 san-

163 1915 296 2016 guinis,
327 1919 401 1994 sive
431 1915 588 1994 eiusdem
619 1916 701 2011 loci,
733 1917 808 1994 sive
837 1916 955 2019 gravis
983 1917 1126 2008 aetatis,
1157 1915 1261 2020 plene
1290 1937 1331 1992 ac

161 2040 397 2144 personaliter
427 2043 590 2120 noverint
617 2067 739 2120 ornnes
767 2066 951 2146 personas,
983 2040 1142 2144 aliosque
1170 2040 1330 2143 singulos

165 2165 296 2267 gradus
324 2165 556 2244 distinxerint
586 2169 730 2271 (praec.
762 2192 799 2244 a.
834 2169 920 2264 18),
951 2164 1085 2270 quibus
1103 2177 1245 2244 constat
1272 2190 1331 2242 ar·

164 2286 227 2366 hor
256 2289 453 2393 praedicta,
489 2301 631 2394 eccepto
669 2288 810 2394 stipite·
837 2289 933 2394 quod
967 2289 1057 2367 nihil
1095 2289 1218 2383 officit,
1250 2316 1330 2368 curn

166 2425 261 2490 certa
291 2415 506 2517 propriaque
535 2413 684 2491 scientia
714 2413 822 2516 probe
855 2415 1019 2490 noverint
1048 2412 1183 2516 stipitis
1220 2411 1325 2508 filias,

164 2536 397 2637 Augustinam
426 2549 463 2616 et
492 2537 721 2630 Dominioam,
753 2550 789 2615 et
817 2537 1097 2614 certosciverint
1126 2561 1204 2614 esse
1232 2562 1330 2616 scro-

163 2684 232 2736 res.
251 2659 517 2763 -Sullragatur
554 2661 825 2740 attestationum
864 2660 1065 2752 concordia,
1102 2685 1181 2738 cum
1210 2660 1247 2737 in
1275 2673 1331 2740 te-

163 2783 278 2862 xenda
307 2785 488 2888 praedicta
510 2785 715 2888 genealogia
736 2785 897 2862 Andreae
919 2789 984 2880 Ρ.,
1009 2783 1098 2862 nihil
1116 2786 1237 2862 testati
1257 2784 1330 2863 sint

163 2907 256 3010 quod
286 2908 436 2986 aliorum
466 2907 570 2988 dictis
607 2907 922 2987 contradictionem
956 2907 1011 2986 uel
1038 2909 1326 2987 contrarietatem

164 3030 332 3137 implicet,
365 3033 419 3110 rel
448 3033 596 3111 dubium
626 3035 781 3134 ingerat,
813 3033 869 3110 vel
902 3031 1152 3136 singularitate
1180 3045 1331 3111 attesta-

164 3157 270 3236 tionis
299 3157 456 3252 laboret;
486 3157 547 3236 sed
579 3182 700 3234 omnes
728 3181 801 3234 uno
829 3181 889 3234 ore
917 3157 1108 3236 concordes
1132 3181 1239 3261 super
1259 3183 1330 3235 nno

164 3279 357 3386 eodemque
391 3281 578 3386 multiplici
607 3280 759 3376 obiecto,
783 3307 864 3359 vere
884 3293 1047 3359 contestes
1064 3279 1242 3358 eluxerint
1262 3282 1330 3384 (lle

163 3430 232 3508 quo
260 3405 311 3484 cir
343 3410 496 3484 Leuren.
529 3413 610 3483 For.
643 3405 725 3484 cccl.
757 3405 818 3484 tit.
852 3415 889 3484 2.
923 3413 1057 3483 Decret.
1091 3406 1149 3482 tit.
1183 3413 1247 3484 20.
1285 3403 1327 3484 dc

165 3539 241 3605 tert.
266 3555 300 3634 p.
325 3537 396 3610 601
429 3541 461 3606 ct
489 3555 622 3636 sepp—
639 3529 693 3608 rel
713 3555 819 3634 supra
845 3542 945 3634 port.
968 3541 1004 3608 l.
1023 3556 1102 3635 cop.
1127 3539 1164 3610 6.
1196 3542 1270 3610 ort.
1290 3542 1327 3610 3.

165 3676 198 3730 a.
244 3663 284 3732 9.
315 3667 350 3732 et
378 3679 473 3759 sopp.
503 3678 588 3757 pop.
623 3661 696 3731 188
717 3667 753 3730 et
781 3655 909 3759 sopp).
933 3699 956 3714 -
977 3655 1200 3760 Sulirugatur
1237 3669 1331 3736 atte-

164 3779 355 3856 stationum
375 3777 545 3881 qualitaS,
569 3801 649 3854 cum
677 3793 871 3855 noscantur
898 3803 969 3856 non
993 3779 1203 3882 ambagibus
1231 3780 1333 3858 inro-

162 3899 257 3980 lutae
285 3901 348 3980 sed
377 3902 493 3979 clrrrae
522 3913 556 3980 et
584 3899 777 4004 simplices,
810 3927 880 3978 non
909 3917 1080 3982 nutantes
1099 3903 1161 3982 sed
1191 3903 1326 3997 firmae,

162 4051 231 4104 uon
261 4027 448 4128 negativae
486 4024 549 4102 sed
587 4023 775 4128 positivae,
817 4026 922 4103 immo
955 4025 1250 4106 adminiculorum
1289 4051 1330 4105 ac

163 4151 368 4254 specialium
396 4146 744 4227 circumstantiarum
773 4150 1038 4254 multiplicitate
1072 4150 1329 4230 determinatae

162 4289 197 4353 et
224 4276 407 4369 sullultre,
440 4297 555 4380 neque
584 4297 627 4350 ex
658 4272 883 4375 praecedenti
912 4275 1075 4355 condicto
1102 4276 1165 4356 scd
1193 4290 1329 4355 extem-

163 4399 221 4502 plo
248 4400 285 4476 in
314 4413 397 4478 actu
424 4397 597 4478 examinis
616 4395 779 4500 prolatae
798 4396 842 4475 ad
863 4399 1136 4504 interrogatoria
1155 4399 1243 4505 ipsis
1264 4425 1330 4478 an-
