3402 5292
866 415 901 429 -
924 385 982 448 334
1003 416 1041 430 -

367 503 428 584 bot
442 505 641 584 Menoetius
657 508 905 614 (Praesumpt.
923 509 985 588 tto.
1013 521 1048 589 1.
1066 523 1204 616 qnaest.
1226 520 1287 589 13.
1312 535 1410 588 nam.
1429 513 1472 612 3)
1495 541 1530 586 ».

236 681 243 692 -
370 630 478 708 -His
507 631 645 734 gemina
675 631 784 710 habet
812 636 1010 714 Lenrenius
1038 648 1119 739 post
1146 635 1318 727 Saoohez‚
1349 634 1533 714 scribens:

370 787 389 830 n
409 756 708 836 Dnm'aonstatde
726 757 951 863 impotentia,
971 758 1225 864 dabitatnrqna
1242 757 1355 836 sotnm
1371 785 1418 836 an
1431 784 1538 863 proe-

368 884 509 960 eesserit
537 881 825 970 matrimonium,
854 882 887 960 si
913 883 1179 970 manatura,
1211 883 1444 962 indicandam
1468 908 1539 961 esse

369 1031 447 1084 eam
475 1006 708 1111 praecessisse
735 1008 1006 1086 matrimonium
1034 1009 1087 1115 (et
1116 1007 1273 1088 notanda
1302 1007 1426 1112 ratio);
1457 1035 1538 1086 enm

369 1155 461 1236 qnae
487 1155 510 1208 a
540 1143 672 1209 notnro
700 1144 800 1220 sant,
830 1134 903 1211 sint
927 1145 1115 1239 perpetuo,
1132 1133 1431 1240 praesumendum
1459 1159 1537 1212 eom

372 1255 617 1360 impotentiam
650 1256 762 1362 fnisse
789 1281 940 1363 semper,
974 1259 1145 1336 docento
1177 1259 1327 1362 fortiore
1354 1257 1534 1336 Mastard.

373 1379 415 1459 de
439 1379 612 1486 probat,
646 1381 799 1462 conatos.
836 1392 927 1462 312.
959 1407 1058 1462 nam.
1095 1393 1173 1462 to»
1205 1384 1376 1491 (Lauren.
1408 1391 1538 1462 Forum

373 1504 576 1584 Ecclesiam.
607 1505 669 1585 lib.
703 1516 740 1586 t.
774 1509 830 1586 tit.
867 1517 928 1587 15.
959 1520 1095 1614 qaaest.
1114 1515 1204 1586 919.
1223 1533 1323 1586 nam.
1356 1509 1411 1610 3).
1429 1505 1538 1586 -Sed

373 1627 506 1708 diserte
543 1630 634 1708 hano
669 1633 853 1711 veritatem
885 1633 988 1712 dooet
1019 1631 1166 1710 Zaoohia
1195 1657 1254 1737 op.
1286 1633 1348 1711 eit.
1388 1633 1535 1736 passim.

373 1757 599 1834 Enumeratis
628 1757 721 1834 enirn
742 1757 949 1861 frigiditatis
968 1759 1093 1860 signis,
1112 1783 1204 1862 qnae
1224 1757 1331 1836 retuli
1347 1783 1445 1835 nnm.
1470 1765 1536 1850 93,

373 1878 575 1958 ooneludit:
610 1881 706 1959 «Ob
735 1882 828 1960 hana
855 1881 1085 1984 frigiditatem
1101 1897 1152 1960 ‘ex
1174 1882 1230 1960 his
1257 1883 1368 1984 signis
1396 1880 1542 1959 oonelu-

376 2032 394 2074 ‹
418 2000 624 2081 deotissime
652 2003 853 2109 probatam,
885 2006 1021 2112 absque
1049 2005 1159 2084 dubio
1178 2007 1336 2112 separari
1358 2005 1542 2082 1911111-

378 2125 625 2206 «trimonium
657 2143 790 2233 potest,
826 2155 898 2208 non
924 2143 1113 2234 expectato
1151 2129 1319 2221 triennio,
1355 2131 1466 2206 Brun.
1498 2125 1541 2206 de

377 2273 534 2352 «spons.
567 2263 599 2330 at
627 2264 737 2330 matr.
769 2252 879 2330 conat.
913 2261 976 2332 28.
1009 2261 1225 2349 nnm.tss;-
1251 2253 1425 2332 Masoard.
1457 2277 1541 2330 eon-

376 2401 394 2442 «
417 2371 463 2450 el.
483 2383 573 2453 312.
592 2399 691 2453 nnm.
708 2387 788 2470 15„
804 2404 824 2438 ι
837 2378 923 2482 qnia
951 2377 1034 2454 tatis
1048 2376 1234 2482 sriaidt'tas
1254 2401 1333 2454 anm
1352 2376 1540 2480 censpiano

376 2529 395 2572 ‹
418 2497 481 2584 sit,
511 2525 572 2604 ope
599 2499 736 2578 medina
764 2502 931 2606 reparari
959 2501 1032 2580 nito
1050 2502 1151 2580 modo
1170 2527 1239 2580 non
1249 2513 1379 2607 potest,
1401 2501 1455 2579 ati
1469 2527 1543 2581 me·

261 2711 264 2718 1
376 2621 507 2700 «diois
536 2634 587 2701 est
614 2623 840 2702 notissimam
869 2626 1013 2730 (Zaeeh.
1048 2631 1113 2730 Op.
1145 2624 1206 2702 eit.
1243 2625 1305 2704 tib.
1339 2634 1374 2704 3.
1409 2625 1466 2702 tit.
1503 2635 1537 2704 1.

377 2769 457 2851 «q.
492 2757 528 2826 5.
566 2771 665 2826 nnm.
698 2749 780 2852 27).
816 2751 861 2827 Et
888 2747 993 2828 alibi:
1032 2752 1370 2853 «Quotiescumque
1408 2748 1542 2853 (eausa

380 2900 398 2942 e
430 2868 653 2976 frigiditatis)
682 2897 705 2950 a
733 2885 867 2950 natnro
892 2873 1096 2977 proveniat,
1128 2873 1184 2950 vel
1213 2872 1257 2950 ab
1273 2884 1390 2960 aetate
1418 2871 1540 2950 maiori

375 3023 395 3066 ‹
418 3007 455 3072 et
470 2995 719 3101 praecipitata,
737 2996 866 3101 absque
881 2995 954 3074 nito
970 2996 1122 3074 remedio
1137 3007 1188 3073 est
1211 3025 1228 3068 e
1246 2993 1330 3098 (tib.
1354 3003 1393 3073 9.
1417 2995 1475 3071 tit.
1499 3004 1536 3072 3.

378 3133 556 3223 «quaest.
590 3129 627 3199 2.
660 3145 759 3199 nam.
780 3123 839 3224 6).

398 3385 426 3472 e)
452 3383 497 3458 Ite
519 3382 672 3458 triennali
696 3382 898 3476 experientia
920 3379 1106 3475 peragendo
1128 3381 1182 3454 rel
1204 3381 1393 3472 omittente,
1422 3382 1519 3472 oront

641 3491 738 3567 dnbio
760 3491 812 3566 vel
835 3493 927 3566 oerta
951 3491 1052 3564 inerit
1075 3493 1275 3584 impotentia.

455 3753 519 3825 98.
550 3747 655 3825 Hisne
680 3745 823 3850 positis,
855 3744 1047 3822 difficultas
1076 3769 1147 3822 non
1175 3757 1294 3849 potest
1324 3743 1408 3822 oriri
1437 3769 1482 3822 ex
1501 3767 1542 3821 eo

376 3869 473 3977 quod
500 3897 520 3948 1
551 3869 692 3950 dnobus
720 3869 933 3972 coniugibus
951 3893 1023 3947 non
1044 3867 1150 3946 faerit
1178 3881 1404 3974 expectatum
1433 3868 1544 3946 trien-

375 3996 475 4073 nium
503 3995 548 4073 ad
577 3995 740 4099 copulam
759 3993 1028 4099 experiendam,
1051 3993 1147 4096 quod
1164 4017 1291 4098 nempe
1320 3993 1438 4086 Caius,
1461 4017 1545 4070 exe-

375 4134 463 4198 unte
492 4119 649 4215 biennio,
682 4147 703 4197 a
731 4119 888 4198 thalamo
916 4118 1115 4208 recesserit,
1148 4131 1185 4196 et
1212 4117 1334 4223 paullo
1363 4131 1443 4222 post
1466 4119 1542 4222 ipse

376 4243 469 4322 Iulia
497 4243 674 4349 coniugali
694 4243 813 4322 domui
833 4256 1044 4348 perpetuum
1064 4242 1233 4320 nuncium
1249 4242 1438 4320 remiserit.
1461 4245 1544 4319 Ete-

373 4367 450 4446 nim
477 4393 521 4448 11
550 4369 661 4448 relato
689 4393 767 4473 oep.
801 4365 1016 4446 landabitem
1035 4391 1100 4445 seu
1115 4367 1297 4472 requisisti
1316 4380 1402 4445 tune
1431 4369 1543 4448 trien-
