3406 5302
888 517 924 532 ..
948 485 1006 549 220
1028 518 1065 532 ..

398 634 438 687 ea
466 607 685 688 morabatur.
716 611 790 687 lam
819 607 902 688 inde
921 610 1014 689 enirn
1033 608 1079 688 ab
1107 633 1201 686 anno
1221 611 1335 700 1859,
1357 629 1429 710 quo
1449 604 1555 684 evita

397 733 562 839 migravit
589 733 830 840 Sempronius,
853 738 955 814 Gaiae
975 749 1081 815 notos
1108 747 1186 812 erat
1214 733 1327 812 Titius
1351 729 1482 837 (llleg.
1514 733 1554 808 B.

400 862 438 937 in
466 857 548 938 fine.
565 905 588 919 -
604 865 721 938 lotor.
753 858 813 938 fol.
849 863 927 965 17),
959 863 1016 940 cui
1031 861 1133 972 lapsp
1153 857 1321 964 temporis
1340 868 1480 936 tantum
1500 855 1556 934 illa

400 983 577 1063 detulerat
604 982 807 1063 futurarum
835 985 1041 1089 nuptiarum
1061 985 1208 1078 intuitu,
1226 997 1268 1060 ut
1288 979 1483 1086 praefatam
1497 978 1558 1056 do-

397 1133 509 1204 mum,
540 1133 647 1213 quam
675 1110 753 1213 ipsa
780 1108 855 1188 suis
883 1108 1085 1215 sumptibus
1113 1129 1302 1212 suaquere
1322 1103 1487 1183 familiari
1507 1117 1558 1182 to-

395 1231 521 1327 nebat,
553 1233 694 1311 nomine
724 1247 842 1312 tamen
869 1233 951 1312 Titii
979 1231 1190 1312 conduxerit
1217 1229 1349 1338 (llleg.
1381 1227 1440 1333 Β).
1468 1227 1555 1308 Inde

397 1371 517 1436 autem
546 1370 645 1463 patet
673 1370 710 1436 et
728 1357 857 1436 Titium
886 1357 953 1436 hac
972 1356 1008 1434 in
1028 1355 1150 1437 eadem
1170 1357 1272 1435 domo
1287 1379 1360 1434 una
1379 1380 1458 1434 oum
1478 1355 1557 1433 Caio
1677 1378 1682 1387 ·

397 1478 610 1558 domicilium
626 1480 808 1560 statuisse.
827 1483 872 1558 Et
890 1481 1053 1586 quamvis
1067 1481 1174 1560 etiarn
1193 1482 1268 1586 ipse
1288 1477 1333 1558 ad
1354 1479 1558 1585 parochiam

396 1629 427 1682 s.
459 1603 638 1682 Francisci
666 1629 703 1683 se
731 1602 924 1710 aliquando
952 1604 1156 1700 contulerit,
1189 1601 1309 1708 ibique
1329 1604 1465 1708 aliquot
1484 1601 1559 1682 die-

396 1725 464 1805 hus
492 1715 675 1822 r'nauserit,
707 1726 743 1806 id
775 1727 931 1833 profecto
964 1753 1147 1833 nunquam
1178 1753 1219 1806 eo
1247 1725 1364 1806 animo
1402 1725 1484 1805 fecit
1519 1739 1558 1804 ut
1697 1771 1698 1798 i

397 1849 495 1930 aliud
523 1851 572 1930 ibi
592 1851 807 1931 domicilium
825 1854 881 1932 rel
900 1853 1002 1958 quasi
1023 1851 1240 1931 domicilium
1261 1853 1477 1956 acquireret,
1500 1847 1559 1930 sed

397 1975 451 2053 rel
479 1975 626 2054 rurandi
655 2001 777 2071 causa,
800 1977 856 2055 rel
872 1990 913 2056 ut
932 1975 1049 2055 Caiam
1069 1975 1143 2054 sive
1163 1976 1297 2054 aestivo
1316 1975 1390 2054 sire
1419 1989 1560 2054 autum-

396 2097 469 2176 nali
498 2111 654 2204 tempore
682 2099 732 2178 ibi
761 2099 949 2203 degentem
968 2101 1152 2194 inviseret,
1175 2099 1231 2178 rel
1251 2099 1406 2204 denique
1425 2113 1467 2178 ut
1481 2124 1559 2178 cum

397 2221 493 2300 illios
521 2223 710 2329 parochiae
738 2225 892 2330 parocho
919 2225 1105 2305 consilium
1133 2223 1324 2322 conferret,
1347 2223 1558 2304 matrimonii
1700 2219 1701 2238 ¹

397 2349 631 2430 contrahendi
658 2376 764 2430 causa
794 2353 929 2456 (Actor.
960 2349 1034 2429 foll.
1066 2359 1166 2430 9-17
1196 2363 1233 2430 et
1259 2349 1422 2456 passim).

479 2485 516 2554 l.
547 2475 661 2555 'fitius
690 2477 812 2583 itaque
840 2503 884 2557 ex
912 2479 1089 2557 communi
1122 2475 1343 2556 habitatione
1376 2489 1412 2554 et
1445 2476 1555 2568 victu,
1701 2569 1702 2574 Ν

398 2599 637 2680 familiaritate
665 2615 845 2684 contracta
873 2629 952 2684 cum
985 2603 1080 2698 Caia,
1112 2603 1241 2681 camin
1260 2626 1406 2682 uxorem
1433 2599 1561 2680 ducere

398 2723 541 2819 statuit,
572 2725 734 2831 quamvis
761 2729 838 2832 ipse
866 2741 1018 2807 aetatem
1047 2740 1169 2830 ageret
1195 2725 1322 2829 viginti
1342 2737 1377 2803 ct
1401 2737 1479 2803 octo
1497 2749 1563 2802 an-

398 2873 538 2945 nornm,
569 2849 630 2928 illa
658 2875 742 2930 vero
770 2851 840 2934 iarn
877 2853 1024 2956 triginta
1062 2852 1184 2948 trium,
1215 2864 1252 2931 et
1279 2851 1426 2957 insuper
1454 2850 1562 2930 vidua

398 2973 538 3053 duobus
564 2973 647 3058 filiis
685 2989 844 3080 gravata.
876 2982 1007 3057 Ineunt
1034 2979 1156 3084 itaque
1188 2977 1327 3084 privata
1366 2976 1558 3082 sponsalia,

398 3097 562 3201 quamvis
588 3097 712 3178 illicita
740 3114 776 3180 et
807 3101 979 3198 invalida,
1011 3115 1136 3208 utpote
1172 3100 1423 3208 promissiones
1451 3100 1495 3181 de
1525 3124 1562 3178 re

399 3221 578 3302 moraliter
606 3221 817 3304 detestanda
846 3224 966 3330 (Card.
998 3230 1117 3322 Petra,
1149 3225 1196 3304 od
1227 3231 1343 3305 doust.
1375 3231 1443 3332 Ap.
1467 3237 1493 3302 t.
1519 3233 1556 3302 l.

399 3345 448 3425 od
465 3351 581 3426 Coost.
604 3357 648 3428 12
678 3357 777 3428 loco.
800 3355 913 3430 XXII.
938 3377 1036 3429 com.
1061 3349 1119 3457 6.)
1141 3357 1183 3430 lt
1201 3377 1281 3431 cum
1301 3351 1384 3431 huic
1403 3351 1559 3430 ineundo

398 3473 636 3569 matrimonio,
666 3475 750 3580 qnia
778 3475 916 3573 illicito,
947 3479 1098 3556 maxime
1126 3477 1285 3558 obstaret
1304 3479 1422 3558 cultus
1441 3477 1561 3585 dispa-

397 3597 485 3676 ritas
514 3598 607 3677 inter
634 3597 847 3704 baptizatos,
878 3599 974 3706 quod
1002 3601 1078 3707 ipsc
1107 3601 1308 3683 haereticae
1336 3617 1468 3699 sectae,
1499 3603 1560 3682 illa

397 3746 481 3801 vero
508 3721 702 3802 catholicae
730 3723 909 3804 Ecclesiae
936 3725 1142 3827 religionem
1160 3725 1401 3832 profiteretur,
1425 3726 1562 3807 facilio-

397 3843 499 3924 ribus
526 3845 672 3925 student
700 3847 839 3945 mediis,
870 3848 1002 3955 quibus
1029 3863 1159 3930 metam
1178 3851 1372 3956 attingant.
1391 3854 1561 3932 Rescisc-

397 3985 479 4050 rant
507 3985 641 4067 autem,
672 3974 849 4052 neminem
876 3973 1110 4080 parochorum
1138 3975 1294 4058 civitatis
1314 3981 1358 4057 N.
1381 3977 1465 4056 huic
1484 4004 1560 4057 ma-

396 4093 561 4175 trimonio
597 4097 643 4176 ad
679 4097 825 4178 formam
863 4097 1060 4180 Tridentini
1102 4115 1329 4199 astaturum,
1374 4101 1561 4183 deficiente

397 4219 611 4325 apostolicae
638 4223 738 4303 Sedis
757 4221 1040 4329 dispensatione;
1063 4223 1146 4302 hinc
1164 4225 1279 4306 'fitius
1294 4253 1337 4308 er
1357 4227 1561 4330 ignorantia

351 4411 359 4424 .
397 4344 518 4451 potius
545 4371 651 4450 quam
679 4373 722 4426 er
749 4347 883 4427 malitia
899 4361 1084 4452 reputans,
1116 4349 1327 4431 alterutrum
1347 4353 1556 4456 parochum,

401 4467 548 4573 originis
581 4493 707 4574 nempe
735 4469 789 4550 vel
822 4469 995 4550 domicilii
1030 4471 1138 4553 unius
1166 4499 1209 4554 er
1247 4475 1557 4571 contrahentibus,
