3424 5300
637 461 673 474 -·
700 431 750 491 lb'l
800 464 810 472 -

147 544 292 624 trabere
324 543 579 638 admittantur;
619 542 688 622 imo
716 567 788 620 non
825 554 965 622 tantum
993 541 1038 620 ob
1070 557 1316 648 perpetratum

144 667 295 762 crimen,
318 665 380 744 sed
400 665 537 770 ensola
557 666 665 746 etiam
686 667 973 770 praesumptione
993 679 1030 744 et
1048 665 1319 772 subsumptione

144 791 190 870 de
219 789 366 870 crimine
401 789 663 870 matrimonium
693 787 881 894 prohibent
886 847 983 868 ......
1019 789 1319 894 {inpedimentum

147 927 270 994 autem
298 913 468 994 dirimens
496 913 655 992 criminis
683 913 720 990 in
747 937 789 992 eo
822 913 999 1008 consistit,
1031 915 1060 991 si
1090 939 1215 1019 nempe
1243 939 1323 994 mu-

145 1039 214 1118 lier
243 1039 297 1118 vel
327 1037 380 1116 vir
400 1036 615 1116 adulterium
636 1037 846 1130 committat,
871 1035 925 1114 vel
946 1035 1222 1138 coniugicidium
1238 1063 1323 1142 per-

147 1177 282 1268 petret,
314 1161 526 1254 intentione,
558 1173 599 1238 ut
627 1159 739 1264 possit
767 1172 887 1264 postea
925 1158 1061 1238 nubere
1090 1159 1141 1238 illi
1168 1185 1321 1264 quocum

150 1287 221 1366 boc
249 1299 433 1392 peccatum
461 1285 648 1364 commisit.
680 1289 756 1373 Ouo
785 1283 821 1362 in
848 1309 934 1362 casu
963 1284 1071 1362 buius
1090 1285 1173 1362 mali
1201 1298 1322 1391 partes

149 1411 315 1490 consciae
343 1410 605 1488 matrimonium
635 1407 752 1486 aalide
780 1409 870 1488 inire
900 1407 996 1487 haud
1026 1424 1212 1514 possunt»
1243 1411 1317 1517 (l).

236 1531 538 1623 Quemadmodum
567 1558 650 1634 ergo
679 1531 855 1610 Ecclesiae
876 1533 1008 1612 latinae
1036 1534 1225 1640 disciplina
1258 1540 1325 1616 im-

150 1659 395 1766 pedimentum
423 1656 581 1736 criminis
609 1656 654 1736 ad
683 1669 799 1736 certas
827 1657 1013 1737 restrinxit
1036 1684 1077 1738 ac
1104 1659 1321 1740 determina-

149 1784 202 1862 vit
230 1781 466 1876 eonditiones,
488 1781 538 1859 ita
568 1795 604 1860 et
631 1781 855 1887 quarundam
884 1783 1110 1862 orientalium
1131 1785 1322 1891 disciplina

153 1906 407 1999 Ecclesiarum,
438 1930 538 1984 sacra
568 1905 789 2010 approbante
817 1907 1010 2012 apostolica
1040 1907 1153 2004 Sede,
1185 1909 1228 1988 dc
1257 1910 1323 1990 hoo

156 2029 309 2110 sancivit
337 2028 601 2133 impedimento.
635 2031 705 2122 Sic,
737 2041 777 2108 ut
805 2027 849 2108 de
877 2033 1004 2110 ceteris
1023 2032 1153 2112 ritibus
1181 2033 1319 2128 sileam,

158 2155 387 2262 provincialis
414 2154 664 2234 Rutbenoronr
694 2153 858 2260 Synodus
877 2156 1026 2234 statuit:
1052 2189 1070 2230 a
1090 2158 1125 2236 Si
1145 2159 1228 2261 quis
1246 2183 1326 2238 mu-

153 2280 293 2372 lierem,
325 2305 395 2384 qua
425 2305 504 2356 curn
532 2279 668 2356 nubere
696 2279 789 2372 vult,
821 2279 949 2384 polluit
977 2294 1060 2359 ante
1090 2307 1152 2386 per
1181 2281 1325 2362 adulte-

156 2405 266 2499 rium,
298 2403 455 2509 lidesque
484 2405 577 2482 inter
606 2417 798 2508 utrumque
829 2405 1030 2484 intercessit
1049 2419 1135 2484 tuuc
1155 2409 1322 2512 temporis

156 2532 201 2610 de
228 2529 471 2610 contrahendo
499 2530 592 2612 inter
620 2555 657 2606 se
687 2527 930 2626 matrimonio;
953 2531 1185 2608 -autetiam
1214 2531 1251 2608 in
1271 2529 1325 2607 vi-

154 2669 229 2732 tam
259 2651 418 2731 defuncti
446 2651 608 2755 coniugis
637 2650 771 2756 aliquid
801 2653 891 2730 alter
919 2678 961 2730 ex
991 2654 1078 2759 ipsis
1097 2654 1323 2734 machinatus

153 2789 225 2872 est,
256 2775 368 2854 altero
395 2775 544 2870 sciente,
576 2775 819 2854 consentiente
849 2777 904 2855 vel
932 2777 1226 2873 consulente....,
1244 2777 1327 2856 nul-

153 2903 298 2980 latenus
317 2899 527 2978 admittatur
547 2899 592 2978 ad
612 2901 910 2998 contrabendum,
933 2901 1000 2980 nisi
1022 2901 1325 3006 dispensationem

153 3024 202 3102 ab
231 3049 285 3117 eo,
317 3050 338 3099 a
365 3049 436 3128 qno
465 3023 609 3102 concedi
638 3035 769 3128 potest,
802 3023 1041 3104 obtinuerit»
1073 3024 1147 3130 (2).

237 3143 466 3224 Prouincialis
495 3147 659 3252 Synodus
689 3149 902 3228 Libanensis
921 3147 966 3226 ad
986 3149 1148 3228 tramites
1168 3148 1328 3254 discipli-

156 3295 225 3348 nae
254 3269 431 3347 Ecclesiae
469 3269 601 3350 latinae
631 3270 787 3352 breviter
815 3285 850 3350 et
879 3273 1049 3350 concinne
1086 3273 1136 3350 ita
1165 3272 1232 3352 hoc
1260 3274 1326 3350 im·

155 3393 400 3499 pedimentum
427 3391 598 3472 describit
625 3408 660 3472 et
688 3397 824 3472 sancit:
858 3399 1042 3474 «Sextum
1069 3395 1329 3502 (impedimen-

154 3531 233 3596 tum
252 3517 422 3598 dirimens
442 3517 515 3620 est)
535 3518 681 3612 crimen,
700 3517 793 3598 idest
813 3518 1028 3598 adulterium
1043 3533 1078 3598 et
1094 3519 1322 3600 homicidium

157 3667 222 3722 seu
251 3641 379 3720 occisio
405 3641 514 3718 unius
548 3644 755 3744 coniugum:
792 3667 885 3747 quae
922 3656 1041 3722 tamen
1075 3643 1145 3722 duo
1177 3643 1324 3722 crimina

157 3793 230 3848 non
251 3791 390 3870 semper
405 3764 575 3842 dirimunt
595 3765 871 3862 matrimonium,
894 3767 956 3846 sed
977 3781 1116 3846 tantum
1132 3767 1169 3846 in
1184 3767 1326 3846 casibus

158 3888 414 3993 sequentibus:
436 3899 469 3965 1ο
493 3892 608 3977 Ouum
628 3915 647 3967 e
667 3891 878 3993 coniugibus
898 3891 988 3970 alter
1007 3905 1088 3996 post
1112 3891 1326 3969 adulterium

230 4067 265 4136 (l)
288 4063 521 4135 Papp-Szllbgyi:
536 4063 732 4120 Errrlrr'ridr'orr
748 4064 824 4119 turis
839 4065 976 4121 Ecclesiae
988 4065 1145 4122 orientatis
1155 4065 1325 4130 catholicoe,

157 4159 241 4222 parc.
261 4157 288 4206 ε.
308 4153 338 4222 s.
362 4157 421 4206 rrr.
441 4165 532 4222 new.
554 4157 689 4206 aer-rra.

230 4245 265 4314 {bl
287 4242 420 4312 synodus
441 4242 627 4312 provincialis
645 4242 843 4298 llutbeuorum
862 4243 958 4300 nuotu
979 4244 1009 4300 in
1029 4244 1145 4300 civitate
1164 4245 1329 4302 zarnosciee

159 4348 211 4390 nn.
234 4337 313 4396 1720,
334 4347 350 4387 a
369 4331 512 4388 Benedirt.
533 4333 599 4387 xlss
618 4330 784 4386 confirmata
805 4339 833 4386 et
851 4333 1006 4402 approbata
1029 4339 1118 4388 ronst.
1141 4333 1328 4404 rporrotrms

160 4421 289 4492 officium
308 4419 355 4476 dte
377 4424 408 4475 tt
427 4419 503 4476 mttt
518 4424 594 4474 4724.
610 4449 627 4460 —
641 4433 711 4492 pop.
737 4423 796 4476 tot.
818 4420 884 4476 edit.
907 4421 1011 4476 Romae
1032 4424 1109 4478 4858.

227 4507 364 4548 Messenen.
382 4504 413 4548 tte
429 4501 615 4560 Impedimrmtr'r
1251 4510 1273 4552 ll
