3446 5298
891 443 929 458 -
950 411 1008 475 404
1030 443 1067 458 ..

391 535 535 639 negotio
563 533 608 614 ad
637 535 759 641 plures
787 536 952 616 catholici
982 535 1078 618 orbis
1107 537 1299 644 Episcopos
1327 537 1482 642 scriptae
1510 535 1569 618 iu-

395 673 517 738 erunt.

475 788 572 864 Haeo
590 783 826 890 Amplitudini
842 789 937 866 Tuae
956 798 1061 866 erant
1077 783 1311 890 significanda
1332 783 1433 864 iussu
1447 785 1566 890 ipsius

396 908 617 987 Sanctissimi
633 907 772 986 Domini
787 909 907 988 Nostri
923 911 976 990 Pii
996 914 1113 1016 Papae
1132 913 1220 1004 lll.‚
1242 909 1301 989 cui
1322 908 1413 988 nihil
1432 909 1568 1014 potius,

395 1035 485 1113 nihil
504 1034 690 1140 antiquius
708 1047 777 1128 est,
800 1060 906 1139 quam
926 1048 968 1115 ut
985 1035 1182 1116 catholicae
1202 1035 1379 1116 Ecclesiae
1407 1033 1572 1114 doctrina

392 1183 433 1238 ac
461 1158 649 1264 disciplina
677 1158 812 1264 ubique
840 1159 978 1240 illibata
1007 1159 1233 1242 custodiatur
1260 1187 1303 1242 ac
1330 1173 1509 1242 servetur.

497 1287 629 1366 Datum
656 1287 791 1364 Romae
819 1283 876 1364 die
907 1294 970 1366 15.
1002 1284 1205 1365 novembris
1236 1293 1353 1366 1858.

959 1451 993 1524 J.
1025 1449 1159 1526 elne.
1191 1449 1454 1526 serenetur
1524 1565 1528 1574 ‚

941 1733 1017 1819 Vl.

398 1924 757 2018 Littemscpostcliouo
770 1923 890 1998 Piil’P.
903 1923 1572 2018 muquuurprcaciprcoqucootionoa

466 2049 547 2124 quse
570 2031 777 2106 matrimonia
799 2033 970 2125 attiuguut
996 2032 1241 2124 suranorum
1266 2033 1337 2108 sive
1360 2035 1448 2110 iuter
1470 2051 1507 2110 se

584 2139 655 2210 sive
679 2155 749 2210 cun
773 2139 868 2230 purte
891 2137 1055 2212 mthclioe
1075 2139 1168 2230 inite.
1191 2141 1383 2214 enodantur.

732 2401 1032 2470 VENERABILI
1054 2399 1238 2470 FRATRI

487 2570 694 2659 GAROLO
724 2569 1146 2658 AROHIEPISOOPO
1177 2571 1493 2662 nondumne

714 2771 750 2842 S.
781 2769 822 2841 R.
852 2771 896 2842 Ε.
926 2769 1090 2864 Principr'
1116 2771 1269 2862 Electori

805 2953 908 3030 PIUS
935 2955 1049 3030 PlPl
1078 2955 1159 3030 VII.

673 3131 892 3188 Venerabilis
914 3131 1036 3188 Frater
1057 3131 1206 3190 sulutem
1227 3135 1295 3189 ete.

481 3367 558 3442 Etsi
586 3364 836 3443 Fraternitatis
865 3377 948 3442 tuae
976 3363 1115 3443 litteras
1144 3363 1200 3442 die
1224 3373 1270 3443 16
1300 3365 1423 3471 aprilis
1450 3367 1573 3474 prori-

405 3513 459 3567 me
488 3489 601 3594 elapsi
621 3487 665 3566 ad
686 3491 756 3567 Nos
776 3490 927 3594 scriptas
946 3487 1153 3593 iampridem
1173 3491 1428 3595 acceperimus
1452 3503 1573 3572 tamen

404 3615 448 3692 iis
476 3613 651 3692 hactenus
678 3611 892 3717 respondere
912 3614 1054 3691 minime
1074 3612 1189 3708 licuit,
1211 3625 1287 3692 tum
1306 3629 1453 3722 propter
1479 3617 1574 3696 mul-

401 3752 472 3832 166,
508 3762 640 3842 easque
669 3737 896 3840 gravissimas
924 3735 1145 3841 apostolatus
1183 3739 1296 3817 nostri
1333 3764 1452 3835 curas,
1483 3765 1576 3845 qua-

402 3887 481 3940 rum
510 3861 667 3967 pondere
695 3861 732 3940 in
761 3859 818 3940 his
842 3860 1056 3966 praesertim
1077 3873 1276 3966 temporum
1291 3863 1574 3968 perturbationi-

401 3985 470 4065 bus
487 3986 646 4092 uudique
661 3989 868 4094 premimur,
887 3999 962 4064 tum
981 3985 1088 4064 etiam
1116 4000 1261 4091 propter
1288 3987 1571 4092 magnitudinem

401 4111 686 4216 gravitatemque
715 4136 847 4207 rerum,
879 4107 1036 4214 quasin
1064 4107 1189 4186 iisdem
1222 4110 1396 4190 contineri
1425 4135 1574 4218 perspe-

401 4233 534 4312 ximus.
566 4239 681 4324 Ouum
710 4233 805 4312 euim
833 4245 976 4312 exortas
995 4229 1103 4310 isthic
1121 4231 1295 4336 quasdam
1320 4259 1391 4312 non
1410 4234 1508 4314 leves
1526 4234 1569 4312 de

402 4356 640 4444 matrimoniis
668 4355 801 4436 referas
829 4354 1070 4460 quaestiones,
1102 4380 1144 4434 ac
1171 4354 1215 4435 de
1243 4357 1287 4436 iis
1320 4369 1481 4437 nostrum
1509 4382 1571 4436 er·
