3444 5302
655 421 692 436 ..
714 391 734 452 5
755 419 792 435 ..

229 519 267 590 5.
290 515 454 592 Ceterum
472 512 512 590 in
530 512 762 592 diiudioando
780 512 936 617 coniugii
956 511 1074 592 valore
1103 537 1147 592 er
1166 513 1316 594 adieetis

145 635 427 734 oonditionibus,
450 661 536 743 prae
556 637 668 718 oeulis
688 637 857 718 habenda
874 651 930 718 eet
957 637 1107 718 celebris
1126 638 1315 718 decretalis

145 761 306 864 Gregorii
335 764 385 840 IX
411 759 484 866 (i),
507 787 579 868 qua
598 761 820 842 deelaratur:
854 792 873 836 ι
892 761 928 840 si
947 760 1170 842 conditiones
1189 774 1316 842 contra

149 883 429 966 ‹subotuntiam
460 883 617 991 coniugii
648 888 874 980 inserantur,
910 897 999 990 puta
1033 887 1063 964 si
1097 885 1188 964 alter
1220 886 1316 966 dieat

150 1006 313 1089 <altem
345 1007 522 1087 contraho
551 1021 669 1088 teoum
697 1009 728 1087 si
757 1010 1022 1112 generationem
1050 997 1312 1113 prodeamus,

148 1129 248 1210 «rel
275 1129 389 1210 donee
416 1131 597 1210 inveniam
624 1131 731 1210 aliam
759 1131 893 1212 honore
921 1131 977 1210 vel
1005 1129 1238 1210 facultatibus
1257 1132 1314 1211 di-

147 1252 332 1349 ‹tiorem,
363 1267 428 1334 aut
454 1254 485 1332 si
513 1280 577 1360 pro
613 1269 768 1361 quaestu
796 1253 1069 1334 adulterandam
1102 1267 1137 1333 te
1170 1253 1311 1334 tradas:

148 1377 462 1456 «matrimonialis
489 1391 708 1474 contractor,
739 1391 1068 1484 quantumcumque
1097 1378 1145 1458 sit
1172 1376 1313 1458 favora-

146 1531 168 1576 ι
191 1501 291 1598 bitis,
328 1516 426 1581 earet
454 1501 601 1600 effeetu3
636 1502 719 1582 lieet
750 1501 842 1582 aliae
874 1500 1096 1582 oonditiones
1129 1502 1315 1608 appositae

148 1628 228 1707 ‹in
254 1628 494 1724 matrimonio,
525 1630 555 1708 si
585 1641 705 1735 turpes
733 1643 797 1708 aut
823 1626 1055 1734 impossibiles
1080 1627 1227 1724 fuerint,
1250 1627 1314 1707 de-

146 1782 168 1827 «
190 1751 315 1846 beant,
338 1766 484 1858 propter
503 1752 581 1832 eius
600 1751 770 1847 favorem,
793 1777 857 1857 pro
876 1777 949 1831 uon
967 1750 1117 1830 adiretis
1136 1750 1262 1830 haberi
1276 1782 1309 1830 ›.

225 1879 301 1954 Har
321 1875 452 1980 ‚itaque
481 1873 649 1954 decretali
678 1875 750 1955 duo
777 1873 942 1954 Pontifex
971 1873 1161 1978 distinguit
1183 1897 1313 1977 genera

141 2000 407 2082 eonditionum:
439 2000 592 2106 primurn
609 1999 787 2080 .videlioot
813 2026 936 2079 earum
964 2013 1161 2104 quaesunt
1189 2009 1314 2077 contro

142 2124 383 2206 substantium
411 2123 634 2204 matrimonii
638 2153 655 2216 ;
684 2124 837 2204 alterum
864 2149 948 2204 vero
976 2123 1117 2202 illarum
1136 2135 1314 2228 quaeant

147 2265 266 2358 turpes
294 2265 381 2332 sunt
409 2262 473 2329 aut
491 2247 738 2354 impossibiles,
767 2247 860 2328 idest
879 2273 971 2354 quae
991 2247 1194 2327 executioni
1212 2229 1313 2326 mans-

17 2441 18 2464 ,
145 2375 224 2456 dari
242 2388 443 2482 nequeunt.
461 2419 485 2434 -
501 2373 665 2454 Deolarat
683 2387 804 2454 autem
823 2377 934 2478 Papa,
957 2372 1096 2451 nulium
1107 2383 1152 2451 'et
1172 2373 1314 2451 irritum

17 2589 18 2598 g
145 2500 247 2580 reddi
265 2499 530 2580 matrimonium
549 2523 613 2604 per
641 2495 862 2578 ronditiones
880 2497 1077 2576 contrarias
1096 2494 1313 2574 matrimonii

145 2623 373 2705 substantiae
403 2625 441 2702 in
459 2621 619 2704 eiusdem
640 2635 826 2701 eontraotu
854 2621 1056 2727 appositas3
1074 2622 1144 2698 -si
1173 2619 1314 2698 veroin

17 2735 18 2760 ³
147 2747 374 2827 matrimonio
402 2745 645 2826 contrahendo
664 2744 849 2850 appositae
868 2744 983 2824 solum
1010 2742 1145 2822 fuerint
1166 2740 1314 2823 seouudi

17 2835 18 2920 3
145 2873 287 2975 generis
315 2869 550 2965 conditiones,
584 2868 677 2948 idest
705 2880 828 2972 turpes
856 2881 920 2947 aut
950 2864 1206 2972 impossibiles,
1243 2863 1314 2944 ilii·

143 2996 255 3074 eitum
283 2992 430 3100 quidem
456 2991 533 3072 fieri
562 2990 826 3071 matrimonium
854 2989 916 3070 sed
950 2988 1128 3083 validum,
1166 3000 1201 3066 et
1222 3011 1313 3100 ,eon5

148 3116 303 3198 ditiones
330 3116 455 3196 haberi
479 3141 547 3222 vpro
574 3141 647 3194 non
676 3113 848 3220 appositis
877 3115 892 3217 (
921 3116 952 3216 ).

227 3249 265 3320 6.
296 3239 397 3318 Alius
425 3239 532 3318 etiam
551 3245 665 3316 Error
693 3235 824 3316 uadens
853 3236 890 3314 in
918 3260 1091 3342 personae
1113 3234 1314 3314 libertatem

17 3449 18 3466 g
143 3389 209 3444 seu
237 3365 276 3444 in
302 3361 466 3444 servitem
493 3362 727 3442 eruditionem
755 3361 946 3467 compartis
974 3359 1110 3440 dirimit
1132 3359 1313 3440 matrimo-

148 3489 262 3568 nium.
293 3492 376 3568 Non
411 3485 556 3592 quidem
594 3485 759 3566 videlieet
795 3510 876 3564 oum
913 3499 1064 3589 uterque
1098 3483 1313 3562 eontraiens

218 3769 255 3844 u)
273 3771 340 3842 rap.
360 3769 388 3828 a
405 3769 584 3830 amoime
602 3773 628 3830 r,
650 3769 684 3827 aa
701 3749 918 3826 atoariorum
935 3766 1086 3840 amarae.

217 3861 257 3933 (ἲ)
276 3859 419 3918 Benediot.
438 3861 499 3918 xiv
518 3859 593 3916 itia.
613 3859 643 3931 S.
663 3861 691 3928 6,
711 3865 739 3918 et
756 3859 895 3916 rationem
914 3855 993 3916 addit
1011 3854 1062 3928 ss.
1081 3855 1145 3912 7-8.
1216 3925 1220 3936 ι

217 3947 272 4004 Sed
290 3947 376 4019 plura
394 3945 460 4005 ride
478 3946 556 4018 apud
575 3947 750 4004 Lourenium
772 3944 824 4003 tro.
839 3951 855 4001 t
871 3946 917 4003 tit.
933 3946 959 4000 5.
974 3943 1008 4000 de
1025 3937 1246 4000 conditionibus
1263 3955 1316 4012 ap·

17 4029 18 4114 3
145 4035 249 4109 positio
265 4037 300 4094 io
312 4036 477 4108 αωροπεαε.
495 4035 622 4108 otiirqoe
638 4041 780 4094 roarrort.
800 4033 1052 4107 ignerantiam
1071 4039 1182 4105 quaest.
1203 4032 1255 4090 177
1274 4031 1315 4088 in·

147 4123 266 4182 einsiro.
280 4127 354 4183 Fuso
368 4123 446 4182 onim
459 4131 486 4182 ot
505 4124 657 4196 pempiouo
675 4123 792 4182 disserit
808 4130 836 4180 et
855 4123 985 4194 inquirit,
1005 4135 1042 4178 an
1061 4128 1089 4180 et
1106 4119 1231 4193 qualiter
1248 4119 1316 4176 suir-

147 4213 227 4272 notat
243 4213 461 4272 matrimonium
479 4219 657 4272 eontrarium
681 4213 736 4272 auh
755 4212 921 4271 ronditione
948 4211 1067 4270 honesta
1091 4212 1137 4269 de,
1150 4209 1316 4282 praeterito,

147 4307 295 4372 praesente
315 4309 343 4360 et
366 4301 477 4368 tuturo:
498 4331 533 4344 -
555 4302 609 4359 suh
631 4301 795 4358 conditione
813 4299 1003 4372 impossioi1i3
1021 4329 1054 4340 -
1075 4298 1130 4358 sub
1152 4297 1317 4356 conditione

147 4389 364 4464 turon-post
381 4396 512 4462 tempus;
533 4420 567 4432 -
586 4403 623 4448 ex
641 4403 727 4450 eausa
747 4402 798 4448 seu
817 4387 1078 4453 demonstratione:
1100 4387 1200 4444 —-.sub
1219 4385 1317 4445 modo.
